<?xml version="1.0" encoding="UTF-8"?>
<collection xmlns="http://www.loc.gov/MARC21/slim"
            xmlns:xsi="http://www.w3.org/2001/XMLSchema-instance"
            xmlns:marc="http://www.loc.gov/MARC21/slim"
            xmlns:oai="http://www.openarchives.org/OAI/2.0/"
            xsi:schemaLocation="http://www.loc.gov/MARC21/slim http://www.loc.gov/standards/marcxml/schema/MARC21slim.xsd">
	
	  <record xsi:schemaLocation="http://www.loc.gov/MARC21/slim http://www.loc.gov/standards/marcxml/schema/MARC21slim.xsd">
      <leader>00000cam a2200421 i 4500</leader>
      <controlfield tag="FMT">BK</controlfield>
      <controlfield tag="LDR">00000cam a2200421 i 4500</controlfield>
      <controlfield tag="001">004280375</controlfield>
      <controlfield tag="003">OCoLC</controlfield>
      <controlfield tag="005">20160503165312.0</controlfield>
      <controlfield tag="008">160502s2016    sz a     b    000 0 eng d</controlfield>
      <datafield tag="020" ind1=" " ind2=" ">
         <subfield code="a">9783319258638</subfield>
      </datafield>
      <datafield tag="020" ind1=" " ind2=" ">
         <subfield code="a">331925863X</subfield>
      </datafield>
      <datafield tag="020" ind1=" " ind2=" ">
         <subfield code="z">9783319258652</subfield>
         <subfield code="q">(eBook)</subfield>
      </datafield>
      <datafield tag="035" ind1=" " ind2=" ">
         <subfield code="a">(OCoLC)922458826</subfield>
         <subfield code="z">(OCoLC)922169034</subfield>
      </datafield>
      <datafield tag="040" ind1=" " ind2=" ">
         <subfield code="a">BTCTA</subfield>
         <subfield code="b">eng</subfield>
         <subfield code="c">BTCTA</subfield>
         <subfield code="d">YDXCP</subfield>
         <subfield code="d">OCLCQ</subfield>
         <subfield code="d">OHX</subfield>
         <subfield code="d">STF</subfield>
         <subfield code="d">OCLCO</subfield>
         <subfield code="d">GZT</subfield>
         <subfield code="d">OCLCO</subfield>
         <subfield code="d">NNU</subfield>
      </datafield>
      <datafield tag="050" ind1=" " ind2="4">
         <subfield code="a">Q125</subfield>
         <subfield code="b">.M38 2016</subfield>
      </datafield>
      <datafield tag="072" ind1=" " ind2="7">
         <subfield code="a">QA</subfield>
         <subfield code="2">lcco</subfield>
      </datafield>
      <datafield tag="245" ind1="0" ind2="2">
         <subfield code="a">A mathematician's journeys :</subfield>
         <subfield code="b">Otto Neugebauer and modern transformations of ancient science /</subfield>
         <subfield code="c">Alexander Jones, Christine Proust, John M. Steele, editors.</subfield>
      </datafield>
      <datafield tag="264" ind1=" " ind2="1">
         <subfield code="a">Cham :</subfield>
         <subfield code="b">Springer,</subfield>
         <subfield code="c">[2016]</subfield>
      </datafield>
      <datafield tag="300" ind1=" " ind2=" ">
         <subfield code="a">xi, 342 pages :</subfield>
         <subfield code="b">illustrations ;</subfield>
         <subfield code="c">25 cm.</subfield>
      </datafield>
      <datafield tag="336" ind1=" " ind2=" ">
         <subfield code="a">text</subfield>
         <subfield code="b">txt</subfield>
         <subfield code="2">rdacontent</subfield>
      </datafield>
      <datafield tag="337" ind1=" " ind2=" ">
         <subfield code="a">unmediated</subfield>
         <subfield code="b">n</subfield>
         <subfield code="2">rdamedia</subfield>
      </datafield>
      <datafield tag="338" ind1=" " ind2=" ">
         <subfield code="a">volume</subfield>
         <subfield code="b">nc</subfield>
         <subfield code="2">rdacarrier</subfield>
      </datafield>
      <datafield tag="490" ind1="1" ind2=" ">
         <subfield code="a">Archimedes ;</subfield>
         <subfield code="v">volume 45</subfield>
      </datafield>
      <datafield tag="504" ind1=" " ind2=" ">
         <subfield code="a">Includes bibliographical references.</subfield>
      </datafield>
      <datafield tag="505" ind1="0" ind2="0">
         <subfield code="t">From Graz to Göttingen: Neugebauer's Early Intellectual Journey /</subfield>
         <subfield code="r">David E. Rowe --</subfield>
         <subfield code="t">"Not in Possession of Any Weltanschauung": Otto Neugebauer's Flight from Nazi Germany and His Search for Objectivity in Mathematics, in Reviewing, and in History /</subfield>
         <subfield code="r">Reinhard Siegmund-Schultze --</subfield>
         <subfield code="t">Otto Neugebauer's Visits to Copenhagen and His Connection to Denmark /</subfield>
         <subfield code="r">Lis Brack-Bernsen --</subfield>
         <subfield code="t">Otto Neugebauer and Ancient Egypt /</subfield>
         <subfield code="r">Jim Ritter --</subfield>
         <subfield code="t">As the Outsider Walked in the Historiography of Mesopotamian Mathematics Until Neugebauer /</subfield>
         <subfield code="r">Jens Høyrup --</subfield>
         <subfield code="t">François Thureau-Dangin and Cuneiform Mathematics /</subfield>
         <subfield code="r">Béatrice André-Salvini --</subfield>
         <subfield code="t">Mathematical and Philological Insights on Cuneiform Texts: Neugebauer's Correspondence with Fellow Assyriologists /</subfield>
         <subfield code="r">Christine Proust --</subfield>
         <subfield code="t">After Neugebauer: Recent Developments in Mesopotamian Mathematics /</subfield>
         <subfield code="r">Duncan J. Melville --</subfield>
         <subfield code="t">Babylonian Astronomy 1880-1950: The Players and the Field /</subfield>
         <subfield code="r">Teije de Jong --</subfield>
         <subfield code="t">Neugebauer's Astronomical Cuneiform Texts and Its Reception /</subfield>
         <subfield code="r">John M. Steele --</subfield>
         <subfield code="t">Translating Babylonian Mathematical Astronomy: Neugebauer and Beyond /</subfield>
         <subfield code="r">Mathieu Ossendrijver.</subfield>
      </datafield>
      <datafield tag="600" ind1="1" ind2="0">
         <subfield code="a">Neugebauer, O.</subfield>
         <subfield code="q">(Otto),</subfield>
         <subfield code="d">1899-1990.</subfield>
      </datafield>
      <datafield tag="650" ind1=" " ind2="0">
         <subfield code="a">Science</subfield>
         <subfield code="x">History.</subfield>
      </datafield>
      <datafield tag="650" ind1=" " ind2="0">
         <subfield code="a">Mathematics</subfield>
         <subfield code="x">History.</subfield>
      </datafield>
      <datafield tag="650" ind1=" " ind2="0">
         <subfield code="a">Mathematicians</subfield>
         <subfield code="x">Biography.</subfield>
      </datafield>
      <datafield tag="650" ind1=" " ind2="0">
         <subfield code="a">Assyriologists</subfield>
         <subfield code="v">Biography.</subfield>
      </datafield>
      <datafield tag="650" ind1=" " ind2="0">
         <subfield code="a">Mathematics, Babylonian.</subfield>
      </datafield>
      <datafield tag="650" ind1=" " ind2="0">
         <subfield code="a">Mathematics, Egyptian.</subfield>
      </datafield>
      <datafield tag="700" ind1="1" ind2=" ">
         <subfield code="a">Jones, Alexander,</subfield>
         <subfield code="e">editor.</subfield>
      </datafield>
      <datafield tag="700" ind1="1" ind2=" ">
         <subfield code="a">Proust, Christine,</subfield>
         <subfield code="e">editor.</subfield>
      </datafield>
      <datafield tag="700" ind1="1" ind2=" ">
         <subfield code="a">Steele, John M.,</subfield>
         <subfield code="e">editor.</subfield>
      </datafield>
      <datafield tag="830" ind1=" " ind2="0">
         <subfield code="a">Archimedes (Dordrecht, Netherlands) ;</subfield>
         <subfield code="v">v. 45.</subfield>
      </datafield>
      <datafield tag="994" ind1=" " ind2=" ">
         <subfield code="a">Z0</subfield>
         <subfield code="b">ZYU</subfield>
      </datafield>
      <datafield tag="OWN" ind1=" " ind2=" ">
         <subfield code="a">GENERAL</subfield>
      </datafield>
      <datafield tag="AVA" ind1=" " ind2=" ">
         <subfield code="a">NYU50</subfield>
         <subfield code="b">NISAW</subfield>
         <subfield code="c">Small Collection</subfield>
         <subfield code="d">Q125 .M38 2016</subfield>
         <subfield code="e">available</subfield>
         <subfield code="t">Available</subfield>
         <subfield code="f">1</subfield>
         <subfield code="g">0</subfield>
         <subfield code="h">N</subfield>
         <subfield code="i">0</subfield>
         <subfield code="j">SMALL</subfield>
         <subfield code="k">0</subfield>
      </datafield>
      <marc:datafield tag="852" ind1=" " ind2=" ">
         <marc:subfield code="b">Institute for the Study of the Ancient World, </marc:subfield>
         <marc:subfield code="c">Small Collection</marc:subfield>
         <marc:subfield code="e">15 East 84th St., </marc:subfield>
         <marc:subfield code="e">New York, NY  10028</marc:subfield>
      </marc:datafield>
   </record>