

	
	  <record xsi:schemaLocation="http://www.loc.gov/MARC21/slim http://www.loc.gov/standards/marcxml/schema/MARC21slim.xsd">
      <leader>00000cam a2200313 i 4500</leader>
      <controlfield tag="FMT">BK</controlfield>
      <controlfield tag="LDR">00000cam a2200313 i 4500</controlfield>
      <controlfield tag="001">004280634</controlfield>
      <controlfield tag="003">OCoLC</controlfield>
      <controlfield tag="005">20160517113153.0</controlfield>
      <controlfield tag="008">160503s2014    cc abf   b    100 0 chi d</controlfield>
      <datafield tag="020" ind1=" " ind2=" ">
         <subfield code="a">9787501041831</subfield>
      </datafield>
      <datafield tag="020" ind1=" " ind2=" ">
         <subfield code="a">7501041830</subfield>
      </datafield>
      <datafield tag="035" ind1=" " ind2=" ">
         <subfield code="a">(OCoLC)900625967</subfield>
      </datafield>
      <datafield tag="040" ind1=" " ind2=" ">
         <subfield code="a">BCBTC</subfield>
         <subfield code="b">eng</subfield>
         <subfield code="e">rda</subfield>
         <subfield code="c">BCBTC</subfield>
         <subfield code="d">OCLCQ</subfield>
         <subfield code="d">NNU</subfield>
      </datafield>
      <datafield tag="041" ind1="0" ind2=" ">
         <subfield code="a">chi</subfield>
         <subfield code="a">eng</subfield>
      </datafield>
      <datafield tag="050" ind1=" " ind2="4">
         <subfield code="a">CC79.5.B64</subfield>
         <subfield code="b">I58 2013</subfield>
      </datafield>
      <datafield tag="066" ind1=" " ind2=" ">
         <subfield code="c">$1</subfield>
      </datafield>
      <datafield tag="110" ind1="2" ind2=" ">
         <subfield code="a">International Council for Archaeozoology.</subfield>
         <subfield code="b">Worked Bone Research Group.</subfield>
         <subfield code="b">Meeting</subfield>
         <subfield code="n">(9th :</subfield>
         <subfield code="d">2013 :</subfield>
         <subfield code="c">Zhengzhou, China)</subfield>
      </datafield>
      <datafield tag="245" ind1="1" ind2="0">
         <subfield code="6">880-01</subfield>
         <subfield code="a">Dong wu kao gu.</subfield>
         <subfield code="n">Di er ji :</subfield>
         <subfield code="b">2013 nian Zhongguo Zhengzhou guo ji dong wu kao gu xie hui di jiu jie gu qi yan jiu xue shu yan tao hui lun wen ji /</subfield>
         <subfield code="c">Henan Sheng wen wu kao gu yan jiu yuan bian = Zooarchaeology. Volume 2 : Proceedings of the 9th Meeting of the (ICAZ) Worked Bone Research Group Zhengzhou, China, 2013 /edited by Henan Provincial Institute of Cultural Relics and Archaeology.</subfield>
      </datafield>
      <datafield tag="246" ind1="3" ind2="1">
         <subfield code="a">Zooarchaeology</subfield>
      </datafield>
      <datafield tag="246" ind1="3" ind2="1">
         <subfield code="a">Zooarchaeology. Volume 2 : Proceedings of the 9th Meeting of the (ICAZ) Worked Bone Research Group Zhengzhou, China, 2013</subfield>
      </datafield>
      <datafield tag="246" ind1="3" ind2="0">
         <subfield code="a">Proceedings of the 9th Meeting of the (ICAZ) Worked Bone Research Group</subfield>
      </datafield>
      <datafield tag="246" ind1="3" ind2="0">
         <subfield code="6">880-02</subfield>
         <subfield code="a">2013 nian Zhongguo Zhengzhou guo ji dong wu kao gu xie hui di jiu jie gu qi yan jiu xue shu yan tao hui lun wen ji</subfield>
      </datafield>
      <datafield tag="250" ind1=" " ind2=" ">
         <subfield code="6">880-03</subfield>
         <subfield code="a">Di 1 ban.</subfield>
      </datafield>
      <datafield tag="264" ind1=" " ind2="1">
         <subfield code="6">880-04</subfield>
         <subfield code="a">Beijing :</subfield>
         <subfield code="b">Wen wu chu ban she =</subfield>
         <subfield code="b">Cultural Relics Press,</subfield>
         <subfield code="c">2014.</subfield>
      </datafield>
      <datafield tag="300" ind1=" " ind2=" ">
         <subfield code="a">113 pages, 24 pages of plates :</subfield>
         <subfield code="b">illustrations, maps ;</subfield>
         <subfield code="c">26 cm</subfield>
      </datafield>
      <datafield tag="336" ind1=" " ind2=" ">
         <subfield code="a">text</subfield>
         <subfield code="b">txt</subfield>
         <subfield code="2">rdacontent</subfield>
      </datafield>
      <datafield tag="337" ind1=" " ind2=" ">
         <subfield code="a">unmediated</subfield>
         <subfield code="b">n</subfield>
         <subfield code="2">rdamedia</subfield>
      </datafield>
      <datafield tag="338" ind1=" " ind2=" ">
         <subfield code="a">volume</subfield>
         <subfield code="b">nc</subfield>
         <subfield code="2">rdacarrier</subfield>
      </datafield>
      <datafield tag="504" ind1=" " ind2=" ">
         <subfield code="a">Includes bibliographical references.</subfield>
      </datafield>
      <datafield tag="505" ind1="0" ind2="0">
         <subfield code="t">How Using Technology to Set Past Human Technical Behaviour Toward Osseous Material? With a Speical Emphasis on the Mesolithic Bone Industry from Norway (7900-6200 BP) /</subfield>
         <subfield code="r">Éva David --</subfield>
         <subfield code="t">Use-wear Analysis of Transversely Broken Bone Tools Studies of Experimental, Ethnological and Archaeological Cases /</subfield>
         <subfield code="r">Yolaine Maigrot, Noëlle Provenzano --</subfield>
         <subfield code="t">Experimental Reproduction of Drill Holes in Bone Hairpins from Anyang /</subfield>
         <subfield code="r">Katherine Brunson, Zhipeng Li, Rodrick Campbell, Yue Li, Jada Ko, Yuling He --</subfield>
         <subfield code="t">Osseous and Shell Ornaments from the Bronze Age Argaric Site of Cerro de la Encina (Monachil, Granada, Spain) /</subfield>
         <subfield code="r">Manuel Altamirano García --</subfield>
         <subfield code="t">Carved Bone Artefacts from a Roman Villa in Niculitel (South-East Romania) /</subfield>
         <subfield code="r">George Nutu, Simina Margareta Stanc --</subfield>
         <subfield code="t">Worked Bone Objects from the Iron Age Site of Kyzyltepa, Uzbekistan /</subfield>
         <subfield code="r">Douglas V. Campana, Pam J. Crabtree --</subfield>
         <subfield code="t">Looking for New Methodologies for Studying Bone, Antler and Tooth Industry First Setting of Image Analysis /</subfield>
         <subfield code="r">Alexandra Legrand-Pineau, Isabelle Sidéra --</subfield>
         <subfield code="t">Study on Pre-historical Bone-Horn Tools in Guang Xi /</subfield>
         <subfield code="r">Wen Chen --</subfield>
         <subfield code="t">Bone Implements Manufacture under the Interaction of Environment and Society in the Neolithic Age Based on Guanzhong Area /</subfield>
         <subfield code="r">Xiaotong Wu, Xiaoyan Rao, Yanbo Song --</subfield>
         <subfield code="t">Bone Tool of Dadiwan Site, Northwest China, an Application on the Use of Correspondence Analysis /</subfield>
         <subfield code="r">Chong Yu --</subfield>
         <subfield code="t">Erlitou Culture Worked Bone from the Early Bronze Age Site of Nanwa in Dengfeng, Henan, China (3800-3500 BP) /</subfield>
         <subfield code="r">Yanfeng Hou, Jihua Zhang, Juan Wang, Wanli Lan, Jinglu Li, Xiaolin Ma.</subfield>
      </datafield>
      <datafield tag="546" ind1=" " ind2=" ">
         <subfield code="a">Text in Chinese and English.</subfield>
      </datafield>
      <datafield tag="650" ind1=" " ind2="0">
         <subfield code="a">Animal remains (Archaeology)</subfield>
         <subfield code="v">Congresses.</subfield>
      </datafield>
      <datafield tag="650" ind1=" " ind2="0">
         <subfield code="a">Bone implements</subfield>
         <subfield code="v">Congresses.</subfield>
      </datafield>
      <datafield tag="710" ind1="2" ind2=" ">
         <subfield code="6">880-05</subfield>
         <subfield code="a">Henan Sheng wen wu kao gu yan jiu yuan,</subfield>
         <subfield code="e">editor.</subfield>
      </datafield>
      <datafield tag="880" ind1="1" ind2="0">
         <subfield code="6">245-01/</subfield>
         <subfield code="a">动物考古.</subfield>
         <subfield code="n">第2辑 :</subfield>
         <subfield code="b">2013年中国郑州国际动物考古协会第九届骨器研究学术研讨会论文集 /</subfield>
         <subfield code="c">河南省文物考古研究院编 = Zooarchaeology. Volume 2 : Proceedings of the 9th Meeting of the (ICAZ) Worked Bone Research Group Zhengzhou, China, 2013 /edited by Henan Provincial Institute of Cultural Relics and Archaeology.</subfield>
      </datafield>
      <datafield tag="880" ind1="3" ind2="0">
         <subfield code="6">246-02/</subfield>
         <subfield code="a">2013年中国郑州国际动物考古协会第九届骨器研究学术研讨会论文集</subfield>
      </datafield>
      <datafield tag="880" ind1=" " ind2=" ">
         <subfield code="6">250-03/</subfield>
         <subfield code="a">第1版.</subfield>
      </datafield>
      <datafield tag="880" ind1=" " ind2="1">
         <subfield code="6">264-04/</subfield>
         <subfield code="a">北京 :</subfield>
         <subfield code="b">文物出版社 =</subfield>
         <subfield code="b">Cultural Relics Press,</subfield>
         <subfield code="c">2014.</subfield>
      </datafield>
      <datafield tag="880" ind1="2" ind2=" ">
         <subfield code="6">710-05/</subfield>
         <subfield code="a">河南省文物考古研究院,</subfield>
         <subfield code="e">editor.</subfield>
      </datafield>
      <datafield tag="994" ind1=" " ind2=" ">
         <subfield code="a">Z0</subfield>
         <subfield code="b">ZYU</subfield>
      </datafield>
      <datafield tag="OWN" ind1=" " ind2=" ">
         <subfield code="a">GENERAL</subfield>
      </datafield>
      <datafield tag="AVA" ind1=" " ind2=" ">
         <subfield code="a">NYU50</subfield>
         <subfield code="b">NISAW</subfield>
         <subfield code="c">Small Collection</subfield>
         <subfield code="d">CC79.5.B64 I58 2013</subfield>
         <subfield code="e">available</subfield>
         <subfield code="t">Available</subfield>
         <subfield code="f">1</subfield>
         <subfield code="g">0</subfield>
         <subfield code="h">N</subfield>
         <subfield code="i">0</subfield>
         <subfield code="j">SMALL</subfield>
         <subfield code="k">0</subfield>
      </datafield>
      <marc:datafield tag="852" ind1=" " ind2=" ">
         <marc:subfield code="b">Institute for the Study of the Ancient World, </marc:subfield>
         <marc:subfield code="c">Small Collection</marc:subfield>
         <marc:subfield code="e">15 East 84th St., </marc:subfield>
         <marc:subfield code="e">New York, NY  10028</marc:subfield>
      </marc:datafield>
   </record>