

	
	  <record xsi:schemaLocation="http://www.loc.gov/MARC21/slim http://www.loc.gov/standards/marcxml/schema/MARC21slim.xsd">
      <leader>00000cam a2200409 i 4500</leader>
      <controlfield tag="FMT">BK</controlfield>
      <controlfield tag="LDR">00000cam a2200409 i 4500</controlfield>
      <controlfield tag="001">004280879</controlfield>
      <controlfield tag="003">OCoLC</controlfield>
      <controlfield tag="005">20160506155634.0</controlfield>
      <controlfield tag="007">ta</controlfield>
      <controlfield tag="008">160504s2006    gw abef  b    000 0 ger d</controlfield>
      <datafield tag="020" ind1=" " ind2=" ">
         <subfield code="a">9783806221008</subfield>
      </datafield>
      <datafield tag="020" ind1=" " ind2=" ">
         <subfield code="a">3806221006</subfield>
      </datafield>
      <datafield tag="035" ind1=" " ind2=" ">
         <subfield code="a">(OCoLC)503486481</subfield>
      </datafield>
      <datafield tag="040" ind1=" " ind2=" ">
         <subfield code="a">LTU</subfield>
         <subfield code="b">eng</subfield>
         <subfield code="c">LTU</subfield>
         <subfield code="d">OCLCO</subfield>
         <subfield code="d">OCLCQ</subfield>
         <subfield code="d">OCLCO</subfield>
         <subfield code="d">NNU</subfield>
      </datafield>
      <datafield tag="043" ind1=" " ind2=" ">
         <subfield code="a">e-gx---</subfield>
      </datafield>
      <datafield tag="050" ind1=" " ind2="4">
         <subfield code="a">DD801.B2345</subfield>
         <subfield code="b">S54 1990 Bd.9</subfield>
      </datafield>
      <datafield tag="100" ind1="1" ind2=" ">
         <subfield code="a">Dieckmann, Bodo.</subfield>
      </datafield>
      <datafield tag="245" ind1="1" ind2="0">
         <subfield code="a">Siedlungsarchäologie im Alpenvorland.</subfield>
         <subfield code="n">9,</subfield>
         <subfield code="p">Hornstaad-Hörnle IA. Die Befunde einer jungneolithischen Pfahlbausiedlung am westlichen Bodensee /</subfield>
         <subfield code="c">Bodo Dieckmann, Arno Harwath und Jutta Hoffstadt. Dendroarchäologische Untersuchungen in den neolithischen Ufersiedlungen von Hornstaad-Hörnle / André Billamboz ; mit Beiträgen von Niels Bleicher [and others].</subfield>
      </datafield>
      <datafield tag="246" ind1="3" ind2=" ">
         <subfield code="a">Hornstaad-Hörnle IA. Die Befunde einer jungneolithischen Pfahlbausiedlung am westlichen Bodensee</subfield>
      </datafield>
      <datafield tag="246" ind1="3" ind2=" ">
         <subfield code="a">Dendroarchäologische Untersuchungen in den neolithischen Ufersiedlungen von Hornstaad-Hörnle</subfield>
      </datafield>
      <datafield tag="260" ind1=" " ind2=" ">
         <subfield code="a">Stuttgart :</subfield>
         <subfield code="b">Konrad Theiss,</subfield>
         <subfield code="c">2006.</subfield>
      </datafield>
      <datafield tag="300" ind1=" " ind2=" ">
         <subfield code="a">579 pages :</subfield>
         <subfield code="b">illustrations (some color), maps, plans ;</subfield>
         <subfield code="c">30 cm. +</subfield>
         <subfield code="e">1 portfolio (34 folded plates)</subfield>
      </datafield>
      <datafield tag="336" ind1=" " ind2=" ">
         <subfield code="a">text</subfield>
         <subfield code="b">txt</subfield>
         <subfield code="2">rdacontent</subfield>
      </datafield>
      <datafield tag="336" ind1=" " ind2=" ">
         <subfield code="a">still image</subfield>
         <subfield code="b">sti</subfield>
         <subfield code="2">rdacontent</subfield>
      </datafield>
      <datafield tag="337" ind1=" " ind2=" ">
         <subfield code="a">unmediated</subfield>
         <subfield code="b">n</subfield>
         <subfield code="2">rdamedia</subfield>
      </datafield>
      <datafield tag="338" ind1=" " ind2=" ">
         <subfield code="a">volume</subfield>
         <subfield code="b">nc</subfield>
         <subfield code="2">rdacarrier</subfield>
      </datafield>
      <datafield tag="490" ind1="1" ind2=" ">
         <subfield code="a">Forschungen und Berichte zur Vor- und Frühgeschichte in Baden-Württemberg ;</subfield>
         <subfield code="v">Bd. 98</subfield>
      </datafield>
      <datafield tag="490" ind1="1" ind2=" ">
         <subfield code="a">Siedlungsarchäologie im Alpenvorland ;</subfield>
         <subfield code="v">9</subfield>
      </datafield>
      <datafield tag="500" ind1=" " ind2=" ">
         <subfield code="a">At head of title: Regierungspräsidium Stuttgart - Landesamt für Denkmalpflege.</subfield>
      </datafield>
      <datafield tag="500" ind1=" " ind2=" ">
         <subfield code="a">One vol.text; one vol. Beilagen - supplementary vol. of looseleaf folded tables.</subfield>
      </datafield>
      <datafield tag="504" ind1=" " ind2=" ">
         <subfield code="a">Includes bibliographical references.</subfield>
      </datafield>
      <datafield tag="505" ind1="0" ind2="0">
         <subfield code="t">Hornstaad-Hörnle IA : Die Befunde einer jungneolithischen Pfahlbausiedlung am westlichen Bodensee /</subfield>
         <subfield code="r">Bodo Dieckmann, Arno Harwath, and Jutta Hoffstadt --</subfield>
         <subfield code="t">Pedologisch-sedimentologische Begleituntersuchungen im Siedlungsareal der Ausgrabung Hornstad Hörnle I /</subfield>
         <subfield code="r">Richard Vogt --</subfield>
         <subfield code="t">Dendroarchäologische Untersuchungen in den neolithischen Ufersiedlungen von Hornstaad-Hörnle /</subfield>
         <subfield code="r">André Billamboz --</subfield>
         <subfield code="t">Die Entwicklung und die Geschichte des Dorfes Hornstaad-Hörnle IA : Zusammenfassung der Ergebnisse der Befundanalysen und dendroarchäologischen Untersuchungen der Grabungen von 1973 bis 1993 /</subfield>
         <subfield code="r">André Billamboz, Bodo Dieckmann, Arno Harwath, Jutta Hoffstadt --</subfield>
         <subfield code="t">Die Kleinhölzer von Hornstaad-Hörnle IA : Archäologische und dendrochronologische Untersuchungen zur Bedeutung einer Fundgattung und zur Schichtgenese /</subfield>
         <subfield code="r">Niels Bleicher --</subfield>
         <subfield code="t">Sedimentologische Untersuchungen zur Stratigraphie und Genese der Kulturschichten der jungneolitischen Station Hornstaad-Hörnle IA : Profilsäulen E 111 und E 112 /</subfield>
         <subfield code="r">Wolfgang Ostendorp --</subfield>
         <subfield code="t">Untersuchung von Wirbellosen-Thanatozönosen aus der jungneolithischen Seeufersiedlung Hornstaad Hörnle IA /</subfield>
         <subfield code="r">Edith Schmidt --</subfield>
         <subfield code="t">Eine Cladocerenanalyse am Kulturschichtkern E 112 aus der jungneolithischen Seeufersiedlung Hornstaad-Hörnle IA /</subfield>
         <subfield code="r">Klaus Veit --</subfield>
         <subfield code="t">Strandwallverschiebungen am Untersee (Bodensee) im Lichte der Pegelchronologie und Siedlungsgeschichte /</subfield>
         <subfield code="r">Einhart Nickel.</subfield>
      </datafield>
      <datafield tag="651" ind1=" " ind2="0">
         <subfield code="a">Constance, Lake</subfield>
         <subfield code="x">Antiquities.</subfield>
      </datafield>
      <datafield tag="650" ind1=" " ind2="0">
         <subfield code="a">Excavations (Archaeology)</subfield>
         <subfield code="z">Constance, Lake.</subfield>
      </datafield>
      <datafield tag="650" ind1=" " ind2="0">
         <subfield code="a">Neolithic period</subfield>
         <subfield code="z">Constance, Lake.</subfield>
      </datafield>
      <datafield tag="650" ind1=" " ind2="0">
         <subfield code="a">Excavations (Archaeology)</subfield>
         <subfield code="z">Germany</subfield>
         <subfield code="z">Baden-Württemberg.</subfield>
      </datafield>
      <datafield tag="651" ind1=" " ind2="0">
         <subfield code="a">Baden-Württemberg (Germany)</subfield>
         <subfield code="x">Antiquities.</subfield>
      </datafield>
      <datafield tag="700" ind1="1" ind2=" ">
         <subfield code="a">Harwath, Arno.</subfield>
      </datafield>
      <datafield tag="700" ind1="1" ind2=" ">
         <subfield code="a">Hoffstadt, Jutta.</subfield>
      </datafield>
      <datafield tag="700" ind1="1" ind2=" ">
         <subfield code="a">Billamboz, André.</subfield>
      </datafield>
      <datafield tag="700" ind1="1" ind2=" ">
         <subfield code="a">Bleicher, Niels.</subfield>
      </datafield>
      <datafield tag="710" ind1="1" ind2=" ">
         <subfield code="a">Stuttgart (Germany : Regierungsbezirk).</subfield>
         <subfield code="b">Landesamt für Denkmalpflege.</subfield>
      </datafield>
      <datafield tag="830" ind1=" " ind2="0">
         <subfield code="a">Forschungen und Berichte zur Vor- und Frühgeschichte in Baden-Württemberg ;</subfield>
         <subfield code="v">Bd. 98.</subfield>
      </datafield>
      <datafield tag="830" ind1=" " ind2="0">
         <subfield code="a">Siedlungsarchäologie im Alpenvorland ;</subfield>
         <subfield code="v">9.</subfield>
      </datafield>
      <datafield tag="994" ind1=" " ind2=" ">
         <subfield code="a">Z0</subfield>
         <subfield code="b">ZYU</subfield>
      </datafield>
      <datafield tag="OWN" ind1=" " ind2=" ">
         <subfield code="a">GENERAL</subfield>
      </datafield>
      <datafield tag="AVA" ind1=" " ind2=" ">
         <subfield code="a">NYU50</subfield>
         <subfield code="b">NISAW</subfield>
         <subfield code="c">Large Collection</subfield>
         <subfield code="d">DD801.B2345 S54 1990 Bd.9</subfield>
         <subfield code="e">available</subfield>
         <subfield code="t">Available</subfield>
         <subfield code="f">2</subfield>
         <subfield code="g">0</subfield>
         <subfield code="h">Y</subfield>
         <subfield code="i">0</subfield>
         <subfield code="j">LARGE</subfield>
         <subfield code="k">0</subfield>
      </datafield>
      <marc:datafield tag="852" ind1=" " ind2=" ">
         <marc:subfield code="b">Institute for the Study of the Ancient World, </marc:subfield>
         <marc:subfield code="c">Large Collection</marc:subfield>
         <marc:subfield code="e">15 East 84th St., </marc:subfield>
         <marc:subfield code="e">New York, NY  10028</marc:subfield>
      </marc:datafield>
   </record>