

	
	  <record xsi:schemaLocation="http://www.loc.gov/MARC21/slim http://www.loc.gov/standards/marcxml/schema/MARC21slim.xsd">
      <leader>00000cam a2200637 a 4500</leader>
      <controlfield tag="FMT">BK</controlfield>
      <controlfield tag="LDR">00000cam a2200637 a 4500</controlfield>
      <controlfield tag="001">004280829</controlfield>
      <controlfield tag="003">OCoLC</controlfield>
      <controlfield tag="005">20160504143258.0</controlfield>
      <controlfield tag="008">160504s1947    ru abc   b   s001 0 ruso</controlfield>
      <datafield tag="010" ind1=" " ind2=" ">
         <subfield code="a">48020058</subfield>
      </datafield>
      <datafield tag="016" ind1="7" ind2=" ">
         <subfield code="a">CAT11030091</subfield>
         <subfield code="2">DNAL</subfield>
      </datafield>
      <datafield tag="035" ind1=" " ind2=" ">
         <subfield code="a">(OCoLC)7322305</subfield>
         <subfield code="z">(OCoLC)154029701</subfield>
      </datafield>
      <datafield tag="040" ind1=" " ind2=" ">
         <subfield code="a">DLC</subfield>
         <subfield code="b">eng</subfield>
         <subfield code="c">CLE</subfield>
         <subfield code="d">DLC</subfield>
         <subfield code="d">HUH</subfield>
         <subfield code="d">WAU</subfield>
         <subfield code="d">AGL</subfield>
         <subfield code="d">STF</subfield>
         <subfield code="d">FUG</subfield>
         <subfield code="d">OCLCF</subfield>
         <subfield code="d">OCLCQ</subfield>
         <subfield code="d">NNU</subfield>
      </datafield>
      <datafield tag="042" ind1=" " ind2=" ">
         <subfield code="a">premarc</subfield>
      </datafield>
      <datafield tag="043" ind1=" " ind2=" ">
         <subfield code="a">e-urs--</subfield>
         <subfield code="a">e-ru---</subfield>
         <subfield code="a">ac-----</subfield>
         <subfield code="a">e-urf--</subfield>
      </datafield>
      <datafield tag="050" ind1="0" ind2="0">
         <subfield code="a">GB236</subfield>
         <subfield code="b">.S8</subfield>
      </datafield>
      <datafield tag="066" ind1=" " ind2=" ">
         <subfield code="c">(N</subfield>
      </datafield>
      <datafield tag="070" ind1="0" ind2=" ">
         <subfield code="a">331</subfield>
         <subfield code="b">Su8</subfield>
      </datafield>
      <datafield tag="072" ind1=" " ind2="0">
         <subfield code="a">B100</subfield>
      </datafield>
      <datafield tag="082" ind1="0" ind2="4">
         <subfield code="a">551</subfield>
         <subfield code="b">865</subfield>
      </datafield>
      <datafield tag="100" ind1="1" ind2=" ">
         <subfield code="6">880-01</subfield>
         <subfield code="a">Suslov, S. P.</subfield>
         <subfield code="q">(Sergeĭ Petrovich)</subfield>
      </datafield>
      <datafield tag="245" ind1="1" ind2="0">
         <subfield code="6">880-02</subfield>
         <subfield code="a">Fizicheskai͡a geografii͡a SSSR :</subfield>
         <subfield code="b">Zapadnai͡a Sibirʹ, Vostochnai͡a Sibirʹ, Dalʹnyĭ Vostok, Sredni͡ai͡a Azii͡a /</subfield>
         <subfield code="c">S.P. Suslov.</subfield>
      </datafield>
      <datafield tag="246" ind1="3" ind2=" ">
         <subfield code="6">880-03</subfield>
         <subfield code="a">Fizicheskai͡a geografii͡a S.S.S.R.</subfield>
      </datafield>
      <datafield tag="260" ind1=" " ind2=" ">
         <subfield code="6">880-04</subfield>
         <subfield code="a">Leningrad :</subfield>
         <subfield code="b">Gos. Uchebno-Pedagogicheskoe Izd-vo, Ministerstva Prosveshchenii͡a RSFSR,</subfield>
         <subfield code="c">1947.</subfield>
      </datafield>
      <datafield tag="300" ind1=" " ind2=" ">
         <subfield code="a">543 pages :</subfield>
         <subfield code="b">illustrations, portraits, maps (some color) ;</subfield>
         <subfield code="c">27 cm</subfield>
      </datafield>
      <datafield tag="336" ind1=" " ind2=" ">
         <subfield code="a">text</subfield>
         <subfield code="b">txt</subfield>
         <subfield code="2">rdacontent</subfield>
      </datafield>
      <datafield tag="337" ind1=" " ind2=" ">
         <subfield code="a">unmediated</subfield>
         <subfield code="b">n</subfield>
         <subfield code="2">rdamedia</subfield>
      </datafield>
      <datafield tag="338" ind1=" " ind2=" ">
         <subfield code="a">volume</subfield>
         <subfield code="b">nc</subfield>
         <subfield code="2">rdacarrier</subfield>
      </datafield>
      <datafield tag="500" ind1=" " ind2=" ">
         <subfield code="a">ISAW copy is from the Library of Nina Garsoïan.</subfield>
         <subfield code="5">NNU</subfield>
      </datafield>
      <datafield tag="500" ind1=" " ind2=" ">
         <subfield code="a">ISAW copy: black-and-white folded maps bound in.</subfield>
         <subfield code="5">NNU</subfield>
      </datafield>
      <datafield tag="504" ind1=" " ind2=" ">
         <subfield code="a">Includes bibliographical references (page 534) and index.</subfield>
      </datafield>
      <datafield tag="650" ind1=" " ind2="0">
         <subfield code="a">Physical geography</subfield>
         <subfield code="z">Russia (Federation)</subfield>
         <subfield code="z">Siberia.</subfield>
      </datafield>
      <datafield tag="650" ind1=" " ind2="0">
         <subfield code="a">Physical geography</subfield>
         <subfield code="z">Russia (Federation)</subfield>
         <subfield code="z">Russian Far East.</subfield>
      </datafield>
      <datafield tag="650" ind1=" " ind2="0">
         <subfield code="a">Physical geography</subfield>
         <subfield code="z">Asia, Central.</subfield>
      </datafield>
      <datafield tag="650" ind1=" " ind2="7">
         <subfield code="a">Physical geography.</subfield>
         <subfield code="2">fast</subfield>
         <subfield code="0">(OCoLC)fst01062647</subfield>
      </datafield>
      <datafield tag="651" ind1=" " ind2="7">
         <subfield code="a">Asia, Central.</subfield>
         <subfield code="2">fast</subfield>
         <subfield code="0">(OCoLC)fst01240497</subfield>
      </datafield>
      <datafield tag="651" ind1=" " ind2="7">
         <subfield code="a">Russia (Federation)</subfield>
         <subfield code="z">Russian Far East.</subfield>
         <subfield code="2">fast</subfield>
         <subfield code="0">(OCoLC)fst01244563</subfield>
      </datafield>
      <datafield tag="651" ind1=" " ind2="7">
         <subfield code="a">Russia (Federation)</subfield>
         <subfield code="z">Siberia.</subfield>
         <subfield code="2">fast</subfield>
         <subfield code="0">(OCoLC)fst01243666</subfield>
      </datafield>
      <datafield tag="796" ind1="1" ind2=" ">
         <subfield code="a">Garsoïan, Nina G.,</subfield>
         <subfield code="d">1923-</subfield>
         <subfield code="e">former owner.</subfield>
      </datafield>
      <datafield tag="797" ind1="2" ind2=" ">
         <subfield code="a">Garsoïan Collection.</subfield>
      </datafield>
      <datafield tag="776" ind1="0" ind2="8">
         <subfield code="i">Online version:</subfield>
         <subfield code="a">Suslov, S.P. (Sergeĭ Petrovich).</subfield>
         <subfield code="t">Fizicheskai͡a geografii͡a SSSR.</subfield>
         <subfield code="d">Leningrad : Gos. Uchebno-Pedagogicheskoe Izd-vo, Ministerstva Prosveshchenii͡a RSFSR, 1947</subfield>
         <subfield code="w">(OCoLC)575692407</subfield>
      </datafield>
      <datafield tag="776" ind1="0" ind2="8">
         <subfield code="i">Online version:</subfield>
         <subfield code="a">Suslov, S.P. (Sergeĭ Petrovich).</subfield>
         <subfield code="t">Fizicheskai͡a geografii͡a SSSR.</subfield>
         <subfield code="d">Leningrad : Gos. Uchebno-Pedagogicheskoe Izd-vo, Ministerstva Prosveshchenii͡a RSFSR, 1947</subfield>
         <subfield code="w">(OCoLC)609227037</subfield>
      </datafield>
      <datafield tag="880" ind1="1" ind2=" ">
         <subfield code="6">100-01/</subfield>
         <subfield code="a">Суслов, С. П.</subfield>
         <subfield code="q">(Сергей Петрович)</subfield>
      </datafield>
      <datafield tag="880" ind1="1" ind2="0">
         <subfield code="6">245-02/</subfield>
         <subfield code="a">Физическая география СССР :</subfield>
         <subfield code="b">Западная Сибирь, Восточная Сибирь, Дальный Восток, Средняя Азия /</subfield>
         <subfield code="c">С.П. Суслов.</subfield>
      </datafield>
      <datafield tag="880" ind1="3" ind2=" ">
         <subfield code="6">246-03/</subfield>
         <subfield code="a">Физическая география С.С.С.Р</subfield>
      </datafield>
      <datafield tag="880" ind1=" " ind2=" ">
         <subfield code="6">260-04/</subfield>
         <subfield code="a">Ленинград :</subfield>
         <subfield code="b">Гос. Учебно-Педагогическое Изд-во, Министерства Просвещения РСФСР,</subfield>
         <subfield code="c">1947.</subfield>
      </datafield>
      <datafield tag="994" ind1=" " ind2=" ">
         <subfield code="a">Z0</subfield>
         <subfield code="b">ZYU</subfield>
      </datafield>
      <datafield tag="OWN" ind1=" " ind2=" ">
         <subfield code="a">GENERAL</subfield>
      </datafield>
      <datafield tag="AVA" ind1=" " ind2=" ">
         <subfield code="a">NYU50</subfield>
         <subfield code="b">NISAW</subfield>
         <subfield code="c">Small Collection</subfield>
         <subfield code="d">GB236 .S8 1947</subfield>
         <subfield code="e">available</subfield>
         <subfield code="t">Available</subfield>
         <subfield code="f">1</subfield>
         <subfield code="g">0</subfield>
         <subfield code="h">N</subfield>
         <subfield code="i">0</subfield>
         <subfield code="j">SMALL</subfield>
         <subfield code="k">0</subfield>
      </datafield>
      <marc:datafield tag="852" ind1=" " ind2=" ">
         <marc:subfield code="b">Institute for the Study of the Ancient World, </marc:subfield>
         <marc:subfield code="c">Small Collection</marc:subfield>
         <marc:subfield code="e">15 East 84th St., </marc:subfield>
         <marc:subfield code="e">New York, NY  10028</marc:subfield>
      </marc:datafield>
   </record>