

	
	  <record xsi:schemaLocation="http://www.loc.gov/MARC21/slim http://www.loc.gov/standards/marcxml/schema/MARC21slim.xsd">
      <leader>00000cam a2200457 i 4500</leader>
      <controlfield tag="FMT">BK</controlfield>
      <controlfield tag="LDR">00000cam a2200457 i 4500</controlfield>
      <controlfield tag="001">004281784</controlfield>
      <controlfield tag="003">OCoLC</controlfield>
      <controlfield tag="005">20160509091647.0</controlfield>
      <controlfield tag="008">160509s2015    mau      b    001 0 eng</controlfield>
      <datafield tag="010" ind1=" " ind2=" ">
         <subfield code="a">2015018697</subfield>
      </datafield>
      <datafield tag="020" ind1=" " ind2=" ">
         <subfield code="a">9781931909310</subfield>
         <subfield code="q">(alk. paper)</subfield>
      </datafield>
      <datafield tag="020" ind1=" " ind2=" ">
         <subfield code="a">1931909318</subfield>
         <subfield code="q">(alk. paper)</subfield>
      </datafield>
      <datafield tag="035" ind1=" " ind2=" ">
         <subfield code="a">(OCoLC)908839044</subfield>
      </datafield>
      <datafield tag="040" ind1=" " ind2=" ">
         <subfield code="a">DLC</subfield>
         <subfield code="b">eng</subfield>
         <subfield code="e">rda</subfield>
         <subfield code="c">DLC</subfield>
         <subfield code="d">YDXCP</subfield>
         <subfield code="d">BTCTA</subfield>
         <subfield code="d">SOI</subfield>
         <subfield code="d">PUL</subfield>
         <subfield code="d">GZM</subfield>
         <subfield code="d">OCLCQ</subfield>
         <subfield code="d">ZVP</subfield>
         <subfield code="d">OCLCO</subfield>
         <subfield code="d">NNU</subfield>
      </datafield>
      <datafield tag="042" ind1=" " ind2=" ">
         <subfield code="a">pcc</subfield>
      </datafield>
      <datafield tag="050" ind1="0" ind2="0">
         <subfield code="a">ND2560</subfield>
         <subfield code="b">.B49 2015</subfield>
      </datafield>
      <datafield tag="082" ind1="0" ind2="0">
         <subfield code="a">751.7/30901</subfield>
         <subfield code="2">23</subfield>
      </datafield>
      <datafield tag="245" ind1="0" ind2="0">
         <subfield code="a">Beyond iconography :</subfield>
         <subfield code="b">materials, methods, and meaning in ancient surface decoration /</subfield>
         <subfield code="c">edited by Sarah Lepinski and Susanna McFadden.</subfield>
      </datafield>
      <datafield tag="264" ind1=" " ind2="1">
         <subfield code="a">Boston :</subfield>
         <subfield code="b">Archaeological Institute of America,</subfield>
         <subfield code="c">[2015]</subfield>
      </datafield>
      <datafield tag="300" ind1=" " ind2=" ">
         <subfield code="a">vi, 218 pages ;</subfield>
         <subfield code="c">23 cm.</subfield>
      </datafield>
      <datafield tag="336" ind1=" " ind2=" ">
         <subfield code="a">text</subfield>
         <subfield code="b">txt</subfield>
         <subfield code="2">rdacontent</subfield>
      </datafield>
      <datafield tag="337" ind1=" " ind2=" ">
         <subfield code="a">unmediated</subfield>
         <subfield code="b">n</subfield>
         <subfield code="2">rdamedia</subfield>
      </datafield>
      <datafield tag="338" ind1=" " ind2=" ">
         <subfield code="a">volume</subfield>
         <subfield code="b">nc</subfield>
         <subfield code="2">rdacarrier</subfield>
      </datafield>
      <datafield tag="490" ind1="1" ind2=" ">
         <subfield code="a">Selected papers on ancient art and architecture ;</subfield>
         <subfield code="v">number 1</subfield>
      </datafield>
      <datafield tag="504" ind1=" " ind2=" ">
         <subfield code="a">Includes bibliographical references and index.</subfield>
      </datafield>
      <datafield tag="505" ind1="0" ind2="0">
         <subfield code="t">Introduction /</subfield>
         <subfield code="r">Sarah Lepinski and Susanna McFadden --</subfield>
         <subfield code="t">Methodologies and materiality: excavating and analyzing fragmentary mural painting, a case study from ancient Corinth /</subfield>
         <subfield code="r">Sarah Lepinski --</subfield>
         <subfield code="t">Maya mural art as collaboration: verifying artists hands at San Bartolo, Guatemala through pigment and plaster composition /</subfield>
         <subfield code="r">Heather Hurst and Caitlin R. O'Grady --</subfield>
         <subfield code="t">Observations on materials and techniques used in Roman wall paintings of the Tablinum, house of the bicentenary at Herculaneum /</subfield>
         <subfield code="r">Francesca Pique, Emily Macdonald-Korth, and Leslie Rainer --</subfield>
         <subfield code="t">Masonry style in Phoenicia: reconstructing sumptuous mural decoration from the "late Hellenistic stuccoed building" at Tel Anafa /</subfield>
         <subfield code="r">Benton Kidd --</subfield>
         <subfield code="t">Retrieving the decorative program of Villa A ("of Poppaea") at Oplontis (Torre Annunziata, Italy): how orphaned fragments find a home in the virtual-reality 3D model /</subfield>
         <subfield code="r">John R. Clarke --</subfield>
         <subfield code="t">Living surfaces: the materiality of Minoan wall paintings /</subfield>
         <subfield code="r">Seth Estrin --</subfield>
         <subfield code="t">Fourth style workshop deployment and movement patterns at Villa A ("of Poppaea") at Oplontis /</subfield>
         <subfield code="r">Regina Gee --</subfield>
         <subfield code="t">Bodies of meaning: figural repetition in Pompeian painting /</subfield>
         <subfield code="r">Stephanie Pearson --</subfield>
         <subfield code="t">Heirlooms on the walls: Republican paintings and imperial viewers in Pompeii /</subfield>
         <subfield code="r">Lynley McAlpine --</subfield>
         <subfield code="t">Working within the lines: artists' grids and painted floors at the palace of Nestor /</subfield>
         <subfield code="r">Emily Catherine Egan --</subfield>
         <subfield code="t">Painted pavements: illusion and imitation at Villa A ("of Poppaea") at Oplontis /</subfield>
         <subfield code="r">Lea K. Cline.</subfield>
      </datafield>
      <datafield tag="650" ind1=" " ind2="0">
         <subfield code="a">Mural painting and decoration, Ancient</subfield>
         <subfield code="x">Expertising.</subfield>
      </datafield>
      <datafield tag="650" ind1=" " ind2="0">
         <subfield code="a">Mural painting and decoration, Ancient</subfield>
         <subfield code="x">Themes, motives.</subfield>
      </datafield>
      <datafield tag="700" ind1="1" ind2=" ">
         <subfield code="a">Lepinski, Sarah,</subfield>
         <subfield code="e">editor.</subfield>
      </datafield>
      <datafield tag="700" ind1="1" ind2=" ">
         <subfield code="a">McFadden, Susanna,</subfield>
         <subfield code="e">editor.</subfield>
      </datafield>
      <datafield tag="710" ind1="2" ind2=" ">
         <subfield code="a">Archaeological Institute of America,</subfield>
         <subfield code="e">issuing body.</subfield>
      </datafield>
      <datafield tag="830" ind1=" " ind2="0">
         <subfield code="a">Selected papers on ancient art and architecture ;</subfield>
         <subfield code="v">no. 1.</subfield>
      </datafield>
      <datafield tag="994" ind1=" " ind2=" ">
         <subfield code="a">Z0</subfield>
         <subfield code="b">ZYU</subfield>
      </datafield>
      <datafield tag="OWN" ind1=" " ind2=" ">
         <subfield code="a">GENERAL</subfield>
      </datafield>
      <datafield tag="AVA" ind1=" " ind2=" ">
         <subfield code="a">NYU50</subfield>
         <subfield code="b">NISAW</subfield>
         <subfield code="c">Small Collection</subfield>
         <subfield code="d">ND2560 .B49 2015</subfield>
         <subfield code="e">available</subfield>
         <subfield code="t">Available</subfield>
         <subfield code="f">1</subfield>
         <subfield code="g">0</subfield>
         <subfield code="h">N</subfield>
         <subfield code="i">0</subfield>
         <subfield code="j">SMALL</subfield>
         <subfield code="k">0</subfield>
      </datafield>
      <marc:datafield tag="852" ind1=" " ind2=" ">
         <marc:subfield code="b">Institute for the Study of the Ancient World, </marc:subfield>
         <marc:subfield code="c">Small Collection</marc:subfield>
         <marc:subfield code="e">15 East 84th St., </marc:subfield>
         <marc:subfield code="e">New York, NY  10028</marc:subfield>
      </marc:datafield>
   </record>