

	
	  <record xsi:schemaLocation="http://www.loc.gov/MARC21/slim http://www.loc.gov/standards/marcxml/schema/MARC21slim.xsd">
      <leader>00000nam a22      i 4500</leader>
      <controlfield tag="FMT">BK</controlfield>
      <controlfield tag="LDR">00000nam a22      i 4500</controlfield>
      <controlfield tag="001">004281890</controlfield>
      <controlfield tag="005">20160509133345.0</controlfield>
      <controlfield tag="008">160509s2013    gs ab    bc   000 0 geo d</controlfield>
      <datafield tag="020" ind1=" " ind2=" ">
         <subfield code="a">9789941107993</subfield>
         <subfield code="q">(pt. 1)</subfield>
      </datafield>
      <datafield tag="020" ind1=" " ind2=" ">
         <subfield code="a">9789941108730</subfield>
         <subfield code="q">(pt. 2)</subfield>
      </datafield>
      <datafield tag="020" ind1=" " ind2=" ">
         <subfield code="a">9789941250415</subfield>
         <subfield code="q">(pt. 3)</subfield>
      </datafield>
      <datafield tag="020" ind1=" " ind2=" ">
         <subfield code="a">9789941251603</subfield>
         <subfield code="q">(pt. 4)</subfield>
      </datafield>
      <datafield tag="040" ind1=" " ind2=" ">
         <subfield code="a">NNU</subfield>
         <subfield code="b">eng</subfield>
         <subfield code="e">rda</subfield>
         <subfield code="c">NNU</subfield>
      </datafield>
      <datafield tag="041" ind1="1" ind2=" ">
         <subfield code="a">geo</subfield>
         <subfield code="a">eng</subfield>
      </datafield>
      <datafield tag="043" ind1=" " ind2=" ">
         <subfield code="a">a-gs---</subfield>
      </datafield>
      <datafield tag="050" ind1=" " ind2="4">
         <subfield code="a">CJ60.G28</subfield>
         <subfield code="b">D86 2013</subfield>
      </datafield>
      <datafield tag="100" ind1="1" ind2=" ">
         <subfield code="a">Dundua, Tʻedo,</subfield>
         <subfield code="e">author.</subfield>
      </datafield>
      <datafield tag="245" ind1="1" ind2="0">
         <subfield code="a">Kʹartʹuli numizmatikis katalogi</subfield>
         <subfield code="b">= Catalogue of Georgian numismatics /</subfield>
         <subfield code="c">authors, Tedo Dundua, Giorgi Dundua.</subfield>
      </datafield>
      <datafield tag="246" ind1="3" ind2="1">
         <subfield code="a">Catalogue of Georgian numismatics</subfield>
      </datafield>
      <datafield tag="264" ind1=" " ind2="1">
         <subfield code="a">T'bilisi = Tbilisi :</subfield>
         <subfield code="b">Gamomc'emloba "Meridiani" = Meridian Publishers,</subfield>
         <subfield code="c">2013-&lt;2015&gt;</subfield>
      </datafield>
      <datafield tag="300" ind1=" " ind2=" ">
         <subfield code="a">&lt;4&gt; volumes :</subfield>
         <subfield code="b">illustrations (some color), black-and-white maps ;</subfield>
         <subfield code="c">31 cm</subfield>
      </datafield>
      <datafield tag="336" ind1=" " ind2=" ">
         <subfield code="a">text</subfield>
         <subfield code="b">txt</subfield>
         <subfield code="2">rdacontent</subfield>
      </datafield>
      <datafield tag="337" ind1=" " ind2=" ">
         <subfield code="a">unmediated</subfield>
         <subfield code="b">n</subfield>
         <subfield code="2">rdamedia</subfield>
      </datafield>
      <datafield tag="338" ind1=" " ind2=" ">
         <subfield code="a">volume</subfield>
         <subfield code="b">nc</subfield>
         <subfield code="2">rdacarrier</subfield>
      </datafield>
      <datafield tag="500" ind1=" " ind2=" ">
         <subfield code="a">At head of title: Ivane Javaxišvilis Saxelobis Tʹbilisis Saxelmcipʹo Universiteti, Humanitarul Mecʹnierbat'a Pʹakulteti, Sakʹartʹvelos Istoriis Instituti = Ivane Javakishvili Tbilisi State University, Faculty of Humanities, Institute of Georgian History.</subfield>
      </datafield>
      <datafield tag="504" ind1=" " ind2=" ">
         <subfield code="a">Includes bibliographical references.</subfield>
      </datafield>
      <datafield tag="546" ind1=" " ind2=" ">
         <subfield code="a">Georgian and English.</subfield>
      </datafield>
      <datafield tag="505" ind1="0" ind2="0">
         <subfield code="g">pt. 1.</subfield>
         <subfield code="t">Money in classical and Hellenistic periods : coin issues and monetary circulation in Colchis and Iberia (Georgia) --</subfield>
         <subfield code="g">pt. 2.</subfield>
         <subfield code="t">Christianity, Mithraism, and Islam : coin issues and monetary circulation in Iberia and Colchis/Lazica in the 1st-10th centuries --</subfield>
         <subfield code="g">pt. 3.</subfield>
         <subfield code="t">"Golden age" and decline : coin issues and monetary circulation in the 11th-16th centuries --</subfield>
         <subfield code="g">pt. 4.</subfield>
         <subfield code="t">Ottomans, Iranians and Russians : coin issues and monetary circulation in Georgia from the 17th century to 1830s.</subfield>
      </datafield>
      <datafield tag="500" ind1=" " ind2=" ">
         <subfield code="a">ISAW copy (pt. 1-4) is a gift of T'edo Dundua.</subfield>
         <subfield code="5">NNU</subfield>
      </datafield>
      <datafield tag="650" ind1=" " ind2="0">
         <subfield code="a">Coins</subfield>
         <subfield code="z">Georgia (Republic)</subfield>
         <subfield code="v">Catalogs.</subfield>
      </datafield>
      <datafield tag="651" ind1=" " ind2="0">
         <subfield code="a">Georgia (Republic)</subfield>
         <subfield code="x">Economic conditions</subfield>
         <subfield code="x">History.</subfield>
      </datafield>
      <datafield tag="651" ind1=" " ind2="0">
         <subfield code="a">Georgia (Republic)</subfield>
         <subfield code="x">Antiquities</subfield>
         <subfield code="v">Catalogs.</subfield>
      </datafield>
      <datafield tag="700" ind1="1" ind2=" ">
         <subfield code="a">Dundua, G.,</subfield>
         <subfield code="e">author.</subfield>
      </datafield>
      <datafield tag="710" ind1="2" ind2=" ">
         <subfield code="a">Sakartʻvelos istoriis instituti,</subfield>
         <subfield code="e">issuing body.</subfield>
      </datafield>
      <datafield tag="700" ind1="1" ind2=" ">
         <subfield code="a">Dundua, Tʻedo,</subfield>
         <subfield code="e">donor.</subfield>
         <subfield code="5">NNU</subfield>
      </datafield>
      <datafield tag="OWN" ind1=" " ind2=" ">
         <subfield code="a">GENERAL</subfield>
      </datafield>
      <datafield tag="AVA" ind1=" " ind2=" ">
         <subfield code="a">NYU50</subfield>
         <subfield code="b">NISAW</subfield>
         <subfield code="c">Large Collection</subfield>
         <subfield code="d">CJ60.G28 D86 2013</subfield>
         <subfield code="e">available</subfield>
         <subfield code="t">Available</subfield>
         <subfield code="f">4</subfield>
         <subfield code="g">0</subfield>
         <subfield code="h">Y</subfield>
         <subfield code="i">0</subfield>
         <subfield code="j">LARGE</subfield>
         <subfield code="k">0</subfield>
      </datafield>
      <marc:datafield tag="852" ind1=" " ind2=" ">
         <marc:subfield code="b">Institute for the Study of the Ancient World, </marc:subfield>
         <marc:subfield code="c">Large Collection</marc:subfield>
         <marc:subfield code="e">15 East 84th St., </marc:subfield>
         <marc:subfield code="e">New York, NY  10028</marc:subfield>
      </marc:datafield>
   </record>