

	
	  <record xsi:schemaLocation="http://www.loc.gov/MARC21/slim http://www.loc.gov/standards/marcxml/schema/MARC21slim.xsd">
      <leader>00000cam a2200697 a 4500</leader>
      <controlfield tag="FMT">BK</controlfield>
      <controlfield tag="LDR">00000cam a2200697 a 4500</controlfield>
      <controlfield tag="001">004282504</controlfield>
      <controlfield tag="003">OCoLC</controlfield>
      <controlfield tag="005">20160523113622.0</controlfield>
      <controlfield tag="008">160511m19621963ru ab    b    101 0 engod</controlfield>
      <datafield tag="010" ind1=" " ind2=" ">
         <subfield code="a">95165461</subfield>
      </datafield>
      <datafield tag="035" ind1=" " ind2=" ">
         <subfield code="a">(OCoLC)18552437</subfield>
         <subfield code="z">(OCoLC)27795854</subfield>
      </datafield>
      <datafield tag="040" ind1=" " ind2=" ">
         <subfield code="a">FU</subfield>
         <subfield code="b">eng</subfield>
         <subfield code="c">DLC</subfield>
         <subfield code="d">FUG</subfield>
         <subfield code="d">DGW</subfield>
         <subfield code="d">PIT</subfield>
         <subfield code="d">NAM</subfield>
         <subfield code="d">OCL</subfield>
         <subfield code="d">BTCTA</subfield>
         <subfield code="d">NYP</subfield>
         <subfield code="d">OCLCQ</subfield>
         <subfield code="d">FUG</subfield>
         <subfield code="d">MEAUC</subfield>
         <subfield code="d">OCLCO</subfield>
         <subfield code="d">OCLCF</subfield>
         <subfield code="d">OCLCQ</subfield>
         <subfield code="d">OCLCO</subfield>
         <subfield code="d">OCL</subfield>
         <subfield code="d">OCLCO</subfield>
         <subfield code="d">NNU</subfield>
      </datafield>
      <datafield tag="041" ind1="0" ind2=" ">
         <subfield code="a">enggerfrerus</subfield>
      </datafield>
      <datafield tag="042" ind1=" " ind2=" ">
         <subfield code="a">lccopycat</subfield>
      </datafield>
      <datafield tag="043" ind1=" " ind2=" ">
         <subfield code="a">aw-----</subfield>
         <subfield code="a">a------</subfield>
         <subfield code="a">ff-----</subfield>
      </datafield>
      <datafield tag="050" ind1="0" ind2="4">
         <subfield code="a">PJ20</subfield>
         <subfield code="b">.B60 1960</subfield>
      </datafield>
      <datafield tag="066" ind1=" " ind2=" ">
         <subfield code="c">(N</subfield>
      </datafield>
      <datafield tag="111" ind1="2" ind2=" ">
         <subfield code="6">880-01</subfield>
         <subfield code="a">International Congress of Orientalists</subfield>
         <subfield code="n">(25th :</subfield>
         <subfield code="d">1960 :</subfield>
         <subfield code="c">Moscow, Russia)</subfield>
      </datafield>
      <datafield tag="245" ind1="1" ind2="0">
         <subfield code="6">880-02</subfield>
         <subfield code="a">Trudy dvadt͡satʹ pi͡atogo Mezhdunarodnogo kongressa vostokovedov, Moskva 9-16 avgusta 1960 /</subfield>
         <subfield code="c">[pod redakt͡sieĭ B.G. Gafurova (predsedatelʹ redakt͡sionnoĭ kollegii) and others].</subfield>
      </datafield>
      <datafield tag="246" ind1="1" ind2="8">
         <subfield code="6">880-03</subfield>
         <subfield code="a">Trudy XXV Mezhdunarodnogo kongressa vostokovedov, Moskva 9-16 avgusta 1960</subfield>
      </datafield>
      <datafield tag="246" ind1="3" ind2=" ">
         <subfield code="6">880-04</subfield>
         <subfield code="a">Trudy 25. Mezhdunarodnogo kongressa vostokovedov, Moskva 9-16 avgusta 1960</subfield>
      </datafield>
      <datafield tag="260" ind1=" " ind2=" ">
         <subfield code="6">880-05</subfield>
         <subfield code="a">Moskva :</subfield>
         <subfield code="b">Izd-vo vostochnoĭ lit-ry,</subfield>
         <subfield code="c">1962-1963.</subfield>
      </datafield>
      <datafield tag="300" ind1=" " ind2=" ">
         <subfield code="a">5 volumes :</subfield>
         <subfield code="b">illustrations, maps ;</subfield>
         <subfield code="c">27 cm +</subfield>
         <subfield code="e">Suppl. (51 p. ; 21 cm)</subfield>
      </datafield>
      <datafield tag="336" ind1=" " ind2=" ">
         <subfield code="a">text</subfield>
         <subfield code="b">txt</subfield>
         <subfield code="2">rdacontent</subfield>
      </datafield>
      <datafield tag="337" ind1=" " ind2=" ">
         <subfield code="a">unmediated</subfield>
         <subfield code="b">n</subfield>
         <subfield code="2">rdamedia</subfield>
      </datafield>
      <datafield tag="338" ind1=" " ind2=" ">
         <subfield code="a">volume</subfield>
         <subfield code="b">nc</subfield>
         <subfield code="2">rdacarrier</subfield>
      </datafield>
      <datafield tag="500" ind1=" " ind2=" ">
         <subfield code="a">ISAW copy (t. 1-5) is from the Library of Nina Garsoïan.</subfield>
         <subfield code="5">NNU</subfield>
      </datafield>
      <datafield tag="500" ind1=" " ind2=" ">
         <subfield code="a">Vol.1 is in English, French, German, and Russian.</subfield>
      </datafield>
      <datafield tag="504" ind1=" " ind2=" ">
         <subfield code="a">Includes bibliographical references and index.</subfield>
      </datafield>
      <datafield tag="500" ind1=" " ind2=" ">
         <subfield code="a">Accompanied by Supplement, consisting of two parts: 1. Index -- 2. Corrigenda (Moskva, "Nauka", 1964).</subfield>
      </datafield>
      <datafield tag="505" ind1="0" ind2="0">
         <subfield code="6">880-06</subfield>
         <subfield code="g">t. 1.</subfield>
         <subfield code="t">Obshchai͡a chastʹ, Zasedanii͡a sekt͡siĭ I-V --</subfield>
         <subfield code="g">t. 2.</subfield>
         <subfield code="t">Zasedanii͡a sekt͡siĭ VI-IX, XII --</subfield>
         <subfield code="g">t. 3.</subfield>
         <subfield code="t">Zasedanii͡a sekt͡siĭ X, XI, XIII --</subfield>
         <subfield code="g">t. 4.</subfield>
         <subfield code="t">Zasedanii͡a sekt͡siĭ XIV-XV --</subfield>
         <subfield code="g">t. 5.</subfield>
         <subfield code="t">Zasedanii͡a sekt͡siĭ XVI-XX.</subfield>
      </datafield>
      <datafield tag="650" ind1=" " ind2="0">
         <subfield code="a">Oriental philology</subfield>
         <subfield code="v">Congresses.</subfield>
      </datafield>
      <datafield tag="650" ind1=" " ind2="0">
         <subfield code="a">Civilization, Oriental</subfield>
         <subfield code="v">Congresses.</subfield>
      </datafield>
      <datafield tag="651" ind1=" " ind2="0">
         <subfield code="a">Asia</subfield>
         <subfield code="x">History</subfield>
         <subfield code="v">Congresses.</subfield>
      </datafield>
      <datafield tag="700" ind1="1" ind2=" ">
         <subfield code="6">880-07</subfield>
         <subfield code="a">Gafurov, B. G.</subfield>
         <subfield code="q">(Bobodzhan Gafurovich),</subfield>
         <subfield code="d">1908-1977.</subfield>
      </datafield>
      <datafield tag="776" ind1="0" ind2="8">
         <subfield code="i">Online version:</subfield>
         <subfield code="a">International Congress of Orientalists (25th : 1960 : Moscow, Russia).</subfield>
         <subfield code="t">Trudy dvadt͡satʹ pi͡atogo Mezhdunarodnogo kongressa vostokovedov, Moskva 9-16 avgusta 1960.</subfield>
         <subfield code="d">Moskva : Izd-vo vostochnoĭ lit-ry, 1962-</subfield>
         <subfield code="w">(OCoLC)655005873</subfield>
      </datafield>
      <datafield tag="796" ind1="1" ind2=" ">
         <subfield code="a">Garsoïan, Nina G.,</subfield>
         <subfield code="d">1923-</subfield>
         <subfield code="e">former owner.</subfield>
      </datafield>
      <datafield tag="797" ind1="1" ind2=" ">
         <subfield code="a">Garsoïan Collection.</subfield>
      </datafield>
      <datafield tag="880" ind1="2" ind2=" ">
         <subfield code="6">111-01/</subfield>
         <subfield code="a">Международный конгресс востоковедов</subfield>
         <subfield code="n">(25th :</subfield>
         <subfield code="d">1960 :</subfield>
         <subfield code="c">Москва, Россия)</subfield>
      </datafield>
      <datafield tag="880" ind1="1" ind2="0">
         <subfield code="6">245-02/</subfield>
         <subfield code="a">Труды двадцать пятого Международного конгресса востоковедов, Москва 9-16 августа 1960 /</subfield>
         <subfield code="c">[под редакцией Б.Г. Гафурова (председатель редакционной коллегии) ... ет ал.].</subfield>
      </datafield>
      <datafield tag="880" ind1="1" ind2="8">
         <subfield code="6">246-03/</subfield>
         <subfield code="a">Труды ХХВ Международного конгресса востоковедов, Москва 9-16 августа 1960</subfield>
      </datafield>
      <datafield tag="880" ind1="3" ind2=" ">
         <subfield code="6">246-04/</subfield>
         <subfield code="a">Труды 25. Международного конгресса востоковедов, Москва 9-16 августа 1960</subfield>
      </datafield>
      <datafield tag="880" ind1=" " ind2=" ">
         <subfield code="6">260-05/</subfield>
         <subfield code="a">Москва :</subfield>
         <subfield code="b">Изд-во восточной лит-ры,</subfield>
         <subfield code="c">1962-1963.</subfield>
      </datafield>
      <datafield tag="880" ind1="0" ind2="0">
         <subfield code="6">505-06/</subfield>
         <subfield code="g">т. 1.</subfield>
         <subfield code="t">Общая часть, Заседания секций I-V --</subfield>
         <subfield code="g">т. 2.</subfield>
         <subfield code="t">Заседания секций VI-IX, XII --</subfield>
         <subfield code="g">т. 3.</subfield>
         <subfield code="t">Заседания секций X, XI, XIII --</subfield>
         <subfield code="g">т. 4.</subfield>
         <subfield code="t">Заседания секций XIV-XV --</subfield>
         <subfield code="g">т. 5.</subfield>
         <subfield code="t">Заседания секций XVI-XX.</subfield>
      </datafield>
      <datafield tag="880" ind1="1" ind2=" ">
         <subfield code="6">700-07/</subfield>
         <subfield code="a">Гафуров, Б. Г.</subfield>
         <subfield code="q">(Бободжан Гафурович),</subfield>
         <subfield code="d">1908-1977.</subfield>
      </datafield>
      <datafield tag="994" ind1=" " ind2=" ">
         <subfield code="a">Z0</subfield>
         <subfield code="b">ZYU</subfield>
      </datafield>
      <datafield tag="OWN" ind1=" " ind2=" ">
         <subfield code="a">GENERAL</subfield>
      </datafield>
      <datafield tag="AVA" ind1=" " ind2=" ">
         <subfield code="a">NYU50</subfield>
         <subfield code="b">NISAW</subfield>
         <subfield code="c">Small Collection</subfield>
         <subfield code="d">PJ20 .B60 1960</subfield>
         <subfield code="e">available</subfield>
         <subfield code="t">Available</subfield>
         <subfield code="f">5</subfield>
         <subfield code="g">0</subfield>
         <subfield code="h">Y</subfield>
         <subfield code="i">0</subfield>
         <subfield code="j">SMALL</subfield>
         <subfield code="k">0</subfield>
      </datafield>
      <marc:datafield tag="852" ind1=" " ind2=" ">
         <marc:subfield code="b">Institute for the Study of the Ancient World, </marc:subfield>
         <marc:subfield code="c">Small Collection</marc:subfield>
         <marc:subfield code="e">15 East 84th St., </marc:subfield>
         <marc:subfield code="e">New York, NY  10028</marc:subfield>
      </marc:datafield>
   </record>