

	
	  <record xsi:schemaLocation="http://www.loc.gov/MARC21/slim http://www.loc.gov/standards/marcxml/schema/MARC21slim.xsd">
      <leader>00000cam a2200841 a 4500</leader>
      <controlfield tag="FMT">BK</controlfield>
      <controlfield tag="LDR">00000cam a2200841 a 4500</controlfield>
      <controlfield tag="001">004282510</controlfield>
      <controlfield tag="003">OCoLC</controlfield>
      <controlfield tag="005">20160513145026.0</controlfield>
      <controlfield tag="008">160511s2010    gw ab    b    000 0 ger d</controlfield>
      <datafield tag="016" ind1="7" ind2=" ">
         <subfield code="a">1002642086</subfield>
         <subfield code="2">DE-101</subfield>
      </datafield>
      <datafield tag="020" ind1=" " ind2=" ">
         <subfield code="a">9783805341691</subfield>
      </datafield>
      <datafield tag="020" ind1=" " ind2=" ">
         <subfield code="a">3805341695</subfield>
      </datafield>
      <datafield tag="035" ind1=" " ind2=" ">
         <subfield code="a">(OCoLC)505749860</subfield>
         <subfield code="z">(OCoLC)880951424</subfield>
      </datafield>
      <datafield tag="037" ind1=" " ind2=" ">
         <subfield code="a">73078</subfield>
         <subfield code="b">TVG</subfield>
      </datafield>
      <datafield tag="040" ind1=" " ind2=" ">
         <subfield code="a">ERASA</subfield>
         <subfield code="b">eng</subfield>
         <subfield code="c">ERASA</subfield>
         <subfield code="d">OHX</subfield>
         <subfield code="d">MUU</subfield>
         <subfield code="d">HEBIS</subfield>
         <subfield code="d">GWDNB</subfield>
         <subfield code="d">CUV</subfield>
         <subfield code="d">OCLCQ</subfield>
         <subfield code="d">DEBBG</subfield>
         <subfield code="d">OCLCF</subfield>
         <subfield code="d">TVG</subfield>
         <subfield code="d">CHVBK</subfield>
         <subfield code="d">OCLCQ</subfield>
         <subfield code="d">NNU</subfield>
      </datafield>
      <datafield tag="043" ind1=" " ind2=" ">
         <subfield code="a">a-tu---</subfield>
      </datafield>
      <datafield tag="050" ind1=" " ind2="4">
         <subfield code="a">DS156.C38</subfield>
         <subfield code="b">A59 2010</subfield>
      </datafield>
      <datafield tag="082" ind1="0" ind2="4">
         <subfield code="a">938</subfield>
      </datafield>
      <datafield tag="084" ind1=" " ind2=" ">
         <subfield code="a">LF 1604</subfield>
         <subfield code="2">rvk</subfield>
      </datafield>
      <datafield tag="084" ind1=" " ind2=" ">
         <subfield code="a">NF 8790</subfield>
         <subfield code="2">rvk</subfield>
      </datafield>
      <datafield tag="084" ind1=" " ind2=" ">
         <subfield code="a">LF 1390</subfield>
         <subfield code="2">rvk</subfield>
      </datafield>
      <datafield tag="084" ind1=" " ind2=" ">
         <subfield code="a">ARC 895 Aizan</subfield>
         <subfield code="2">stub</subfield>
      </datafield>
      <datafield tag="245" ind1="0" ind2="0">
         <subfield code="a">Aizanoi und Anatolien :</subfield>
         <subfield code="b">neue Entdeckungen zur Geschichte und Archäologie im Hochland des westlichen Kleinasien /</subfield>
         <subfield code="c">Klaus Rheidt (Hrsg.).</subfield>
      </datafield>
      <datafield tag="260" ind1=" " ind2=" ">
         <subfield code="a">Mainz am Rhein :</subfield>
         <subfield code="b">Philipp von Zabern,</subfield>
         <subfield code="c">2010.</subfield>
      </datafield>
      <datafield tag="300" ind1=" " ind2=" ">
         <subfield code="a">200 pages :</subfield>
         <subfield code="b">illustrations (some color), maps ;</subfield>
         <subfield code="c">31 cm.</subfield>
      </datafield>
      <datafield tag="336" ind1=" " ind2=" ">
         <subfield code="a">text</subfield>
         <subfield code="b">txt</subfield>
         <subfield code="2">rdacontent</subfield>
      </datafield>
      <datafield tag="336" ind1=" " ind2=" ">
         <subfield code="a">still image</subfield>
         <subfield code="b">sti</subfield>
         <subfield code="2">rdacontent</subfield>
      </datafield>
      <datafield tag="337" ind1=" " ind2=" ">
         <subfield code="a">unmediated</subfield>
         <subfield code="b">n</subfield>
         <subfield code="2">rdamedia</subfield>
      </datafield>
      <datafield tag="338" ind1=" " ind2=" ">
         <subfield code="a">volume</subfield>
         <subfield code="b">nc</subfield>
         <subfield code="2">rdacarrier</subfield>
      </datafield>
      <datafield tag="490" ind1="1" ind2=" ">
         <subfield code="a">Zaberns Bildbände zur Archäologie</subfield>
      </datafield>
      <datafield tag="490" ind1="1" ind2=" ">
         <subfield code="a">Sonderbände der Antiken Welt</subfield>
      </datafield>
      <datafield tag="504" ind1=" " ind2=" ">
         <subfield code="a">Includes bibliographical references.</subfield>
      </datafield>
      <datafield tag="505" ind1="0" ind2="0">
         <subfield code="t">Einleitung.</subfield>
         <subfield code="t">Von Attalos über Augustus bis Atatürk: auf der Suche nach den Umbruchphasen in der Geschichte Anatoliens /</subfield>
         <subfield code="r">Klaus Rheidt --</subfield>
         <subfield code="t">Vom anatolischen Siedlungshügel zur antiken Polis.</subfield>
         <subfield code="t">Der Siedlungshügel von Aizanoi in vorrömischer Zeit /</subfield>
         <subfield code="r">Ina Lochner ;</subfield>
         <subfield code="t">Ein königlich--pergamenischer Beamter in Aizanoi? /</subfield>
         <subfield code="r">Dietrich Berges ;</subfield>
         <subfield code="t">Aizanois anatolisches Erbe: zum Verhältnis der Grauen Keramik zur roten Glanztonkeramik /</subfield>
         <subfield code="r">Gülşen Dikbaş ;</subfield>
         <subfield code="t">"Bilder aus gebrannem Ton": neues über den Kult der Kybele in der Aizanitis /</subfield>
         <subfield code="r">Güler Ateş --</subfield>
         <subfield code="t">Aizanoi auf dem Weg zur Metropole.</subfield>
         <subfield code="t">Der Temple des Zeus in Aizanoi und seine Datierung /</subfield>
         <subfield code="r">Kai Jess, Richard Posamentir, Michael Wörrle ;</subfield>
         <subfield code="t">Die Gebälk- und Dachkonstruktion des Zeustempels /</subfield>
         <subfield code="r">Thekla Schulz ;</subfield>
         <subfield code="t">Badeluxus in der anatolischen Bergen: die Thermen von Aizanoi /</subfield>
         <subfield code="r">Friederike Naumann-Steckner ;</subfield>
         <subfield code="t">Das Theaterstadion: Olympisches im anatolischen Hochland /</subfield>
         <subfield code="r">Corinna Rohn ;</subfield>
         <subfield code="t">Marmora parva quidem: zur skulpturenausstattung des Theaters in Aizanoi /</subfield>
         <subfield code="r">Philip Brize --</subfield>
         <subfield code="t">Das Erbe der Antike.</subfield>
         <subfield code="t">Antiken in der Dörfern rund um Çavdarhisar: Rückblick auf ein Projekt mit offenem Ende /</subfield>
         <subfield code="t">Michael Wörrle ; Aizanoi, Anatolien und der Nahe Osten Siedlungsentwicklung, Demographie und Klima in frühbyzantinischer Zeit /</subfield>
         <subfield code="r">Philipp Niewöhner ;</subfield>
         <subfield code="t">Çavdarhisar: die neuzeitliche Bebauung im Ruinengebiet /</subfield>
         <subfield code="r">Stefan Blum ;</subfield>
         <subfield code="t">Vom Siedlungshügel zum anatolischen Dorf: über 5000 Jahre Entwicklungsgeschichte von Aizanoi /</subfield>
         <subfield code="r">Klaus Rheidt.</subfield>
      </datafield>
      <datafield tag="520" ind1="8" ind2=" ">
         <subfield code="a">Eine der interessantesten Ausgrabungsstätten der Türkei - Aizanoi - wird nun erstmals einem deutschen Publikum vorgestellt. In hellenistischer Zeit wurde die Stadt mit makedonischen Söldnern besiedelt; seinen grossen Aufschwung erlebte Aizanoi indes in römischer Zeit unter Augustus. Ausgrabungen des Deutschen Archäologischen Instituts während der Ära Atatürks und wieder ab den 1970er Jahren förderten zahlreiche öffentliche Bauten aus der Antike zutage: Überreste eines Zeus- und eines Artemis-Tempels ebenso wie römische Thermen, ein Theater, ein Stadion und viel mehr. Der Band führt mit hochwertigen Abbildungen und Rekonstruktions-Zeichnungen durch Archäologie und Geschichte einer Stadt, die beispielhaft zeigt, wie ein antikes städtisches Gemeinwesen funktionierte.</subfield>
      </datafield>
      <datafield tag="651" ind1=" " ind2="0">
         <subfield code="a">Çavdarhisar (Turkey)</subfield>
         <subfield code="x">Antiquities.</subfield>
      </datafield>
      <datafield tag="650" ind1=" " ind2="0">
         <subfield code="a">Excavations (Archaeology)</subfield>
         <subfield code="z">Turkey</subfield>
         <subfield code="z">Çavdarhisar.</subfield>
      </datafield>
      <datafield tag="651" ind1=" " ind2="0">
         <subfield code="a">Turkey</subfield>
         <subfield code="x">Antiquities.</subfield>
      </datafield>
      <datafield tag="700" ind1="1" ind2=" ">
         <subfield code="a">Rheidt, Klaus,</subfield>
         <subfield code="e">editor.</subfield>
      </datafield>
      <datafield tag="776" ind1="0" ind2="8">
         <subfield code="i">Online version:</subfield>
         <subfield code="t">Aizanoi und Anatolien.</subfield>
         <subfield code="d">Mainz am Rhein : Philipp von Zabern, 2010</subfield>
         <subfield code="w">(OCoLC)745979840</subfield>
      </datafield>
      <datafield tag="830" ind1=" " ind2="0">
         <subfield code="a">Zaberns Bildbände zur Archäologie.</subfield>
      </datafield>
      <datafield tag="830" ind1=" " ind2="0">
         <subfield code="a">Sonderbände der Antiken Welt.</subfield>
      </datafield>
      <datafield tag="856" ind1="4" ind2="1">
         <subfield code="3">Table of contents</subfield>
         <subfield code="u">http://bvbr.bib-bvb.de:8991/F?func=service&amp;doc_library=BVB01&amp;doc_number=018937904&amp;line_number=0001&amp;func_code=DB_RECORDS&amp;service_type=MEDIA</subfield>
      </datafield>
      <datafield tag="856" ind1="4" ind2="1">
         <subfield code="3">Table of contents</subfield>
         <subfield code="u">http://bvbr.bib-bvb.de:8991/F?func=service&amp;doc_library=BVB01&amp;local_base=BVB01&amp;doc_number=018937904&amp;line_number=0001&amp;func_code=DB_RECORDS&amp;service_type=MEDIA</subfield>
      </datafield>
      <datafield tag="OWN" ind1=" " ind2=" ">
         <subfield code="a">GENERAL</subfield>
      </datafield>
      <datafield tag="AVA" ind1=" " ind2=" ">
         <subfield code="a">NYU50</subfield>
         <subfield code="b">NISAW</subfield>
         <subfield code="c">Large Collection</subfield>
         <subfield code="d">DS156.C38 A59 2010</subfield>
         <subfield code="e">available</subfield>
         <subfield code="t">Available</subfield>
         <subfield code="f">1</subfield>
         <subfield code="g">0</subfield>
         <subfield code="h">N</subfield>
         <subfield code="i">0</subfield>
         <subfield code="j">LARGE</subfield>
         <subfield code="k">0</subfield>
      </datafield>
      <marc:datafield tag="852" ind1=" " ind2=" ">
         <marc:subfield code="b">Institute for the Study of the Ancient World, </marc:subfield>
         <marc:subfield code="c">Large Collection</marc:subfield>
         <marc:subfield code="e">15 East 84th St., </marc:subfield>
         <marc:subfield code="e">New York, NY  10028</marc:subfield>
      </marc:datafield>
   </record>