

	
	  <record xsi:schemaLocation="http://www.loc.gov/MARC21/slim http://www.loc.gov/standards/marcxml/schema/MARC21slim.xsd">
      <leader>00000cam a22      i 4500</leader>
      <controlfield tag="FMT">BK</controlfield>
      <controlfield tag="LDR">00000cam a22      i 4500</controlfield>
      <controlfield tag="001">004282500</controlfield>
      <controlfield tag="005">20160818123851.0</controlfield>
      <controlfield tag="008">160511s2015    gw abde  b    100 0 ger d</controlfield>
      <datafield tag="020" ind1=" " ind2=" ">
         <subfield code="a">9783884672495</subfield>
         <subfield code="q">paperback</subfield>
      </datafield>
      <datafield tag="020" ind1=" " ind2=" ">
         <subfield code="a">3884672495</subfield>
      </datafield>
      <datafield tag="035" ind1=" " ind2=" ">
         <subfield code="a">(OCoLC)945567403</subfield>
      </datafield>
      <datafield tag="040" ind1=" " ind2=" ">
         <subfield code="a">EQO</subfield>
         <subfield code="b">eng</subfield>
         <subfield code="e">rda</subfield>
         <subfield code="c">EQO</subfield>
         <subfield code="d">OCLCF</subfield>
         <subfield code="d">ZYU</subfield>
      </datafield>
      <datafield tag="041" ind1="0" ind2=" ">
         <subfield code="a">ger</subfield>
         <subfield code="a">eng</subfield>
         <subfield code="b">ger</subfield>
         <subfield code="b">eng</subfield>
      </datafield>
      <datafield tag="043" ind1=" " ind2=" ">
         <subfield code="a">e------</subfield>
      </datafield>
      <datafield tag="050" ind1=" " ind2="4">
         <subfield code="a">HE557.A3</subfield>
         <subfield code="b">H34 2015</subfield>
      </datafield>
      <datafield tag="245" ind1="0" ind2="0">
         <subfield code="a">Häfen im 1. Millennium AD :</subfield>
         <subfield code="b">Bauliche Konzepte, herrschaftliche und religiöse Einflüsse ; Plenartreffen im Rahmen des DFG-Schwerpunktprogramms 1630 "Häfen von der Römischen Kaiserzeit bis zum Mittelalter" im Römisch-Germanischen Zentralmuseum Mainz, 13.-15. Januar 2014 /</subfield>
         <subfield code="c">Thomas Schmidts, Martin Marko Vučetić (Hrsg.).</subfield>
      </datafield>
      <datafield tag="246" ind1="1" ind2="3">
         <subfield code="a">Häfen im ersten Millennium AD</subfield>
      </datafield>
      <datafield tag="264" ind1=" " ind2="1">
         <subfield code="a">Mainz :</subfield>
         <subfield code="b">Verlag des Römisch-Germanischen Zentralmuseums,</subfield>
         <subfield code="c">2015.</subfield>
      </datafield>
      <datafield tag="300" ind1=" " ind2=" ">
         <subfield code="a">vii, 345 pages :</subfield>
         <subfield code="b">illustrations (some color), maps, plans, charts ;</subfield>
         <subfield code="c">30 cm</subfield>
      </datafield>
      <datafield tag="336" ind1=" " ind2=" ">
         <subfield code="a">text</subfield>
         <subfield code="b">txt</subfield>
         <subfield code="2">rdacontent</subfield>
      </datafield>
      <datafield tag="336" ind1=" " ind2=" ">
         <subfield code="a">still image</subfield>
         <subfield code="b">sti</subfield>
         <subfield code="2">rdacontent</subfield>
      </datafield>
      <datafield tag="337" ind1=" " ind2=" ">
         <subfield code="a">unmediated</subfield>
         <subfield code="b">n</subfield>
         <subfield code="2">rdamedia</subfield>
      </datafield>
      <datafield tag="338" ind1=" " ind2=" ">
         <subfield code="a">volume</subfield>
         <subfield code="b">nc</subfield>
         <subfield code="2">rdacarrier</subfield>
      </datafield>
      <datafield tag="490" ind1="1" ind2=" ">
         <subfield code="a">Römisch-Germanisches Zentralmuseum - Tagungen ;</subfield>
         <subfield code="v">22</subfield>
      </datafield>
      <datafield tag="490" ind1="1" ind2=" ">
         <subfield code="a">Interdisziplinäre Forschungen zu den Häen von der Römischen Kaiserzeit bis zum Mittelalter in Europa ;</subfield>
         <subfield code="v">Band 1</subfield>
      </datafield>
      <datafield tag="546" ind1=" " ind2=" ">
         <subfield code="a">Articles in German or English, with summaries in German and English.</subfield>
      </datafield>
      <datafield tag="504" ind1=" " ind2=" ">
         <subfield code="a">Includes bibliographical references.</subfield>
      </datafield>
      <datafield tag="505" ind1="0" ind2="0">
         <subfield code="t"/>
         <subfield code="t">Häfen im 1. Millennium AD /</subfield>
         <subfield code="r">Thomas Schmidts, Martin Marko Vučetić.</subfield>
         <subfield code="g">Mediterraneum.</subfield>
         <subfield code="t">Hafenbau an der Küste des südlichen Etrurien /</subfield>
         <subfield code="r">Julia Daum --</subfield>
         <subfield code="t">Detection of Two Different Harbour Generations at Ancient Ostia (Italy) by Means of Geophysical and Stratigraphical Methods /</subfield>
         <subfield code="r">Andreas Vött, Peter Fischer, Hanna Hadler, Stefanie Ludwig, Michael Heinzelmann, Corinna Rohn, Tina Wunderlich, Dennis Wilken, Ercan Erkul, Wolfgang Rabbel --</subfield>
         <subfield code="t">Kult und Kultbauten in Hafendarstellungen : Hafendarstellungen in Kult und Kultbauten /</subfield>
         <subfield code="r">Stefan Feuser --</subfield>
         <subfield code="t">Die Häfen und ufernahen Befestigungen von Ainos : eine Zwischenbilanz /</subfield>
         <subfield code="r">Helmet Brückner, Thomas Schmidts, Heike Bücherl, Anna Pint, Martin Seeliger --</subfield>
         <subfield code="t">Konstantinopel und seine Häfen /</subfield>
         <subfield code="r">Albrecht Berger --</subfield>
         <subfield code="t">Häfen und Landeplätze an den Balkanküsten des Byzantinischen Reiches /</subfield>
         <subfield code="r">Ewald Kislinger, Andreas Külzer --</subfield>
         <subfield code="t">Staatliche und maritime Strukturen an den byzantinischen Balkanküsten /</subfield>
         <subfield code="r">Dominik Heher, Johannes Preiser-Kapeller, Grigori Simeonov.</subfield>
         <subfield code="g">Binnenland nördlich der Alpen.</subfield>
         <subfield code="t">Zur Bedeutung des römischen Hafens Kölns während des Stadtmauerbaus /</subfield>
         <subfield code="r">Alfred Schäfer, Marcus Trier --</subfield>
         <subfield code="t">Fern-, Regional- und Lokalhandel im römischen Rheinland und der Konsum von Öl, Wein und Bier im Bonner vicus /</subfield>
         <subfield code="r">Constanze Höpken --</subfield>
         <subfield code="t">Gelduba (Krefeld-Gellep) im Spannungsfeld zwischen einheimischem Kult, orientalischen Gottheiten und Volksglauben /</subfield>
         <subfield code="r">Margareta Siepen --</subfield>
         <subfield code="t">Häfen verbinden : Neue Befunde zu Verlauf, wasserbaulichem Konzept und Verlandung des Karlsgrabens /</subfield>
         <subfield code="r">Lukas Werther, Christoph Zielhofer, Franz Herzig, Eva Leitholdt, Michael Schneider, Sven Linzen, Stefanie Berg-Hobohm, Peter Ettel, André Kirchner, Stefan Dunkel --</subfield>
         <subfield code="t">Schiffe, Könige und ein Heiliger am Rhein. Beobachtungen ausgehend von den Miracula sancti Goaris /</subfield>
         <subfield code="r">Achim Thomas Hack --</subfield>
      </datafield>
      <datafield tag="505" ind1="8" ind2="0">
         <subfield code="t">Hafen oder Landeplatz? Untersuchungen zu Einrichtungen der früh- und hochmittelalterlichen Binnenschifffahrt ausgehend von de Fallbeispielen Karlburg ung Salz in Unterfranken /</subfield>
         <subfield code="r">Andreas Wunschel, Peter Ettel, Michael Hein, Sven Linzen, Christopher-Bastian Roettig, Michael Schneider, Lukas Werther.</subfield>
         <subfield code="g">Nord- und Ostseeraum, Atlantik.</subfield>
         <subfield code="t">Zwischen Piratennest und Bischofssitz : Die Hafenorte im Bremer Becken /</subfield>
         <subfield code="r">Gerson H. Jeute --</subfield>
         <subfield code="t">Untersuchungen zur Organisation von Warentransport und Infrastruktur entlang der südlichen Nordseeküste : die Fallstudie "Groothusen in der Krummhörn" /</subfield>
         <subfield code="r">Ingo Eichfeld, Stephan Schwank, Hauke Jöns, Tina Wunderlich --</subfield>
         <subfield code="t">Die frühmittelalterlichen Emporien im südwestlichen Ostseeraum und ihre Häfen /</subfield>
         <subfield code="r">Sebastian Messal, Martina Karle, Hauke Jöns, Friedrich Lüth --</subfield>
         <subfield code="t">A Viking Age Harbor and Its Hinterland in Iceland : the Leiruvogur Harbor Research Project (DFG SPP 1630) /</subfield>
         <subfield code="r">Jesse Byock, Davide Zori, Claus von Carnap-Bornheim, Sven Kalmring, Dennis Wilken, Tina Wunderlich, Wolfgang Rabbel, Ralph Schneider, David Höft, Steven Shema, Klaus Schwarzer --</subfield>
         <subfield code="t">The Elusive Norse Harbours of the North Atlantic : Why They Were Abandoned, and Why They Are So Hard to Find /</subfield>
         <subfield code="r">Natascha Mehler, Mark Gardiner, Andrew Dugmore, Joris Coolen.</subfield>
         <subfield code="g">Prospektionsmethoden.</subfield>
         <subfield code="t">Geophysikalische Prospektion von Hafensituationen : Möglichkeiten, Anwendungen und Forschungsbedarf /</subfield>
         <subfield code="r">Wolfgang Rabbel, Dennis Wilken, Tina Wunderlich, Steve Bödecker, Helmut Brückner, Jesse Byock, Claus von Carnap-Bornheim, Heike Kennecke, Martina Karle, Sven Kalmring, Sebastian Messal, Thomas Schmidts, Martin Seeliger, Martin Segschneider, Davide Zori.</subfield>
      </datafield>
      <datafield tag="650" ind1=" " ind2="0">
         <subfield code="a">Harbors</subfield>
         <subfield code="z">Europe</subfield>
         <subfield code="x">History</subfield>
         <subfield code="y">To 1500</subfield>
         <subfield code="v">Congresses.</subfield>
      </datafield>
      <datafield tag="650" ind1=" " ind2="0">
         <subfield code="a">Waterways</subfield>
         <subfield code="z">Europe</subfield>
         <subfield code="x">History</subfield>
         <subfield code="y">To 1500</subfield>
         <subfield code="v">Congresses.</subfield>
      </datafield>
      <datafield tag="650" ind1=" " ind2="0">
         <subfield code="a">Shipping</subfield>
         <subfield code="z">Europe</subfield>
         <subfield code="x">History</subfield>
         <subfield code="y">To 1500</subfield>
         <subfield code="v">Congresses.</subfield>
      </datafield>
      <datafield tag="650" ind1=" " ind2="0">
         <subfield code="a">Inland water transportation</subfield>
         <subfield code="z">Europe</subfield>
         <subfield code="x">History</subfield>
         <subfield code="y">To 1500</subfield>
         <subfield code="v">Congresses.</subfield>
      </datafield>
      <datafield tag="700" ind1="1" ind2=" ">
         <subfield code="a">Schmidts, Thomas,</subfield>
         <subfield code="d">1965-</subfield>
         <subfield code="e">editor.</subfield>
      </datafield>
      <datafield tag="700" ind1="1" ind2=" ">
         <subfield code="a">Vučetić, Martin Marko,</subfield>
         <subfield code="e">editor.</subfield>
      </datafield>
      <datafield tag="830" ind1=" " ind2="0">
         <subfield code="a">RGZM Tagungen ;</subfield>
         <subfield code="v">22.</subfield>
      </datafield>
      <datafield tag="830" ind1=" " ind2="0">
         <subfield code="a">Interdisziplinäre Forschungen zu den Häfen von der Römischen Kaiserzeit bis zum Mittelalter in Europa ;</subfield>
         <subfield code="v">Bd. 1.</subfield>
      </datafield>
      <datafield tag="OWN" ind1=" " ind2=" ">
         <subfield code="a">GENERAL</subfield>
      </datafield>
      <datafield tag="AVA" ind1=" " ind2=" ">
         <subfield code="a">NYU50</subfield>
         <subfield code="b">NISAW</subfield>
         <subfield code="c">Large Collection</subfield>
         <subfield code="d">HE557.A3 H34 2015</subfield>
         <subfield code="e">available</subfield>
         <subfield code="t">Available</subfield>
         <subfield code="f">1</subfield>
         <subfield code="g">0</subfield>
         <subfield code="h">N</subfield>
         <subfield code="i">0</subfield>
         <subfield code="j">LARGE</subfield>
         <subfield code="k">0</subfield>
      </datafield>
      <marc:datafield tag="852" ind1=" " ind2=" ">
         <marc:subfield code="b">Institute for the Study of the Ancient World, </marc:subfield>
         <marc:subfield code="c">Large Collection</marc:subfield>
         <marc:subfield code="e">15 East 84th St., </marc:subfield>
         <marc:subfield code="e">New York, NY  10028</marc:subfield>
      </marc:datafield>
   </record>