

	
	  <record xsi:schemaLocation="http://www.loc.gov/MARC21/slim http://www.loc.gov/standards/marcxml/schema/MARC21slim.xsd">
      <leader>00000cam a22      i 4500</leader>
      <controlfield tag="FMT">BK</controlfield>
      <controlfield tag="LDR">00000cam a22      i 4500</controlfield>
      <controlfield tag="001">004282513</controlfield>
      <controlfield tag="005">20160622143848.0</controlfield>
      <controlfield tag="008">151113s2015    gw ab    b    000 0 ger</controlfield>
      <datafield tag="020" ind1=" " ind2=" ">
         <subfield code="a">9783867570060</subfield>
         <subfield code="q">(hd. bd.)</subfield>
      </datafield>
      <datafield tag="020" ind1=" " ind2=" ">
         <subfield code="a">386757006X</subfield>
         <subfield code="q">(hd. bd.)</subfield>
      </datafield>
      <datafield tag="024" ind1="3" ind2=" ">
         <subfield code="a">9783867570060</subfield>
      </datafield>
      <datafield tag="035" ind1=" " ind2=" ">
         <subfield code="a">(OCoLC)929451274</subfield>
      </datafield>
      <datafield tag="040" ind1=" " ind2=" ">
         <subfield code="a">OHX</subfield>
         <subfield code="b">eng</subfield>
         <subfield code="c">OHX</subfield>
         <subfield code="d">OCLCO</subfield>
         <subfield code="d">EYM</subfield>
         <subfield code="d">OCLCQ</subfield>
         <subfield code="d">OCLCO</subfield>
         <subfield code="d">OCLCF</subfield>
         <subfield code="d">ZYU</subfield>
      </datafield>
      <datafield tag="041" ind1="0" ind2=" ">
         <subfield code="a">ger</subfield>
         <subfield code="b">eng</subfield>
      </datafield>
      <datafield tag="043" ind1=" " ind2=" ">
         <subfield code="a">ea-----</subfield>
      </datafield>
      <datafield tag="050" ind1=" " ind2="4">
         <subfield code="a">TN95.A44</subfield>
         <subfield code="b">B47 2015</subfield>
      </datafield>
      <datafield tag="072" ind1=" " ind2="7">
         <subfield code="a">TN</subfield>
         <subfield code="2">lcco</subfield>
      </datafield>
      <datafield tag="072" ind1=" " ind2="7">
         <subfield code="a">GN</subfield>
         <subfield code="2">lcco</subfield>
      </datafield>
      <datafield tag="245" ind1="0" ind2="0">
         <subfield code="a">Bergauf Bergab :</subfield>
         <subfield code="b">10.000 Jahre Bergbau in den Ostalpen : wissenschaftlicher Beiband zur Ausstellung im Deutschen Bergbau-Museum Bochum vom 31.10.2015-24.04.2016, im Vorarlberg Museum Bregenz vom 11.06.2016-26.10.2016 /</subfield>
         <subfield code="c">Herausgeber: Thomas Stöllner, Klaus Oeggl ; Übersetzungen: Thomas Timlin.</subfield>
      </datafield>
      <datafield tag="260" ind1=" " ind2=" ">
         <subfield code="a">Bochum :</subfield>
         <subfield code="b">Deutsches Bergbau-Museum ;</subfield>
         <subfield code="a">Rahden/Westf. :</subfield>
         <subfield code="b">In Kommission bei VML Verlag Marie Leidorf,</subfield>
         <subfield code="c">2015.</subfield>
      </datafield>
      <datafield tag="300" ind1=" " ind2=" ">
         <subfield code="a">619 pages :</subfield>
         <subfield code="b">illustrations (chiefly color), maps ;</subfield>
         <subfield code="c">31 cm.</subfield>
      </datafield>
      <datafield tag="336" ind1=" " ind2=" ">
         <subfield code="a">text</subfield>
         <subfield code="b">txt</subfield>
         <subfield code="2">rdacontent</subfield>
      </datafield>
      <datafield tag="336" ind1=" " ind2=" ">
         <subfield code="a">still image</subfield>
         <subfield code="b">sti</subfield>
         <subfield code="2">rdacontent</subfield>
      </datafield>
      <datafield tag="337" ind1=" " ind2=" ">
         <subfield code="a">unmediated</subfield>
         <subfield code="b">n</subfield>
         <subfield code="2">rdamedia</subfield>
      </datafield>
      <datafield tag="338" ind1=" " ind2=" ">
         <subfield code="a">volume</subfield>
         <subfield code="b">nc</subfield>
         <subfield code="2">rdacarrier</subfield>
      </datafield>
      <datafield tag="490" ind1="1" ind2=" ">
         <subfield code="a">Veröffentlichungen aus dem Deutschen Bergbau-Museum Bochum,</subfield>
         <subfield code="x">1616-9212 ;</subfield>
         <subfield code="v">Nr. 207</subfield>
      </datafield>
      <datafield tag="546" ind1=" " ind2=" ">
         <subfield code="a">German with English summaries.</subfield>
      </datafield>
      <datafield tag="500" ind1=" " ind2=" ">
         <subfield code="a">Issued in conjunction with the exhibit at the Deutsches Bergbau-Museum Bochum, October 31, 2015-April 24, 2016 and the Vorarlberg Museum Bregenz, June 6, 2016-October 26, 2016.</subfield>
      </datafield>
      <datafield tag="504" ind1=" " ind2=" ">
         <subfield code="a">Includes bibliographical references.</subfield>
      </datafield>
      <datafield tag="505" ind1="0" ind2="0">
         <subfield code="t">Vorwort der Herausgeber /</subfield>
         <subfield code="r">Thomas Stöllner &amp; Klaus Oeggl --</subfield>
         <subfield code="t">Grusswort /</subfield>
         <subfield code="r">Andreas Rudigier.</subfield>
         <subfield code="g">I.</subfield>
         <subfield code="t">Prolog.</subfield>
         <subfield code="t">Die Entstehung der Gesteine und Erzlagerstätten der Ostalpen /</subfield>
         <subfield code="r">Matthias Krismer &amp; Peter Tropper --</subfield>
         <subfield code="t">Die Erzmineralien des historischen Bergbaues in Tirol /</subfield>
         <subfield code="r">Peter Tropper, Matthias Krismer &amp; Benno Baumgarten --</subfield>
         <subfield code="t">Bedeutende Verkehrslinien in prähistorischer und römischer Zeit in den Ostalpen /</subfield>
         <subfield code="r">Andres Lippert --</subfield>
         <subfield code="t">Die Geschichte der Almwirtschaft auf dem Dachsteingebirge /</subfield>
         <subfield code="r">Franz Mandi --</subfield>
         <subfield code="t">Vegetationsgeschichte und Landnutzung /</subfield>
         <subfield code="r">Klaus Oeggl.</subfield>
         <subfield code="g">II.</subfield>
         <subfield code="t">Nicht nur Bunte Steine : Bergbau des 8. bis 3. Jt..</subfield>
         <subfield code="t">Jägerische Archäologie im Hochgebirge /</subfield>
         <subfield code="r">Walter Leitner --</subfield>
         <subfield code="t">Die Ostalpen als Abbaugebiet und Versorgungsregion für Silex und Bergkristall in der Prähistorie /</subfield>
         <subfield code="r">Walter Leitner, Michael Brandl, &amp; Thomas Bachnetzer --</subfield>
         <subfield code="t">Rohstoffe und Fertigprodukte im Inntal als Gegenstand transalpiner Austauschbeziehungen im Jung- un Endneolithikum /</subfield>
         <subfield code="r">Ulrike Töchterle --</subfield>
         <subfield code="t">Das Kupfer der Mondseegruppe /</subfield>
         <subfield code="r">Ernst Pernicka &amp; Carolin Frank --</subfield>
         <subfield code="t">Frühe Siedlung und Kupfermetallurgie in Südtirol: Milland bei Brixen /</subfield>
         <subfield code="r">Umberto Tecchiati --</subfield>
         <subfield code="t">Das Beil des Mannes aus dem Eis /</subfield>
         <subfield code="r">Günther Kaufmann.</subfield>
      </datafield>
      <datafield tag="505" ind1="8" ind2="0">
         <subfield code="g">III.</subfield>
         <subfield code="t">Kupfer : Wirtschaftsmetall der Bronzezeit.</subfield>
         <subfield code="t">Die alpinen Kupferezreviere : Aspekte ihrer zeitlichen, technologischen und wirtschaftlichen Entwicklung im sqeiten Jahrtausend vor Christus /</subfield>
         <subfield code="r">Thomas Stöllner --</subfield>
         <subfield code="t">Fahlerz-und Kupferkiesnutzung in der Bronze - und Eisenzeit /</subfield>
         <subfield code="r">Ernst Pernicka &amp; Joachim Lutz --</subfield>
         <subfield code="t">Eisenzeitliche Nutzung alpiner Kupferlagerstätten /</subfield>
         <subfield code="r">Joachim Lutz &amp; Roland Schwab --</subfield>
         <subfield code="t">Die Besiedlungsgeschichte der Ostalpen in der Früh- bis Mittelbronzezeit: Kolonisation und wirschaftlicher Neuanfang. Teil 1 /</subfield>
         <subfield code="r">Thomas Stöllner --</subfield>
         <subfield code="t">Die frühe Siedlungskammer im Salzachpongau /</subfield>
         <subfield code="r">Andreas Lippert --</subfield>
         <subfield code="t">Die Besiedlungsgeschichte der Ostalpen in der Früh- bis Mittelbronzezeit : Kolonisation und wirschaftlicher Neuanfang. Teil 2 /</subfield>
         <subfield code="r">Ulrike Töochterle --</subfield>
         <subfield code="t">Zur Besiedlungsgeschichte der Ostalpen in der Mittel- bis Spätbronzezeit : Bestand, Kolonisation und wirtschaftlicher Neuangfang in der mittleren un späten Bronzezeit in Nordtirol /</subfield>
         <subfield code="r">Markus Staudt and Gerhard Tomedi --</subfield>
         <subfield code="t">Bronzezeitliche Siedlungsgeschichte in Südtirol /</subfield>
         <subfield code="r">Hubert Steiner &amp; Umberto Tecchiati --</subfield>
         <subfield code="t">Prähistorische Kupfergewinnung aus Fahlerzen der Lagerstätte Schwaz-Brizlegg im Uterinntal, Nordtirol /</subfield>
         <subfield code="r">Gert Goldenberg --</subfield>
         <subfield code="t">Das Prähistorische Bergbaugebeit in der Region Kitzbühel /</subfield>
         <subfield code="r">Thomas Koch Waldner &amp; Michael Klaunzer --</subfield>
         <subfield code="t">Der Mitterberg als Grossproduzent für Kupfer in der Bronzezeit /</subfield>
         <subfield code="r">Tomas Stöllner --</subfield>
         <subfield code="t">Der prähistoroische und mittelalterlich-frühneuzeitliche Bergbau in St. Veit im Pongau /</subfield>
         <subfield code="r">Robert Krauss --</subfield>
         <subfield code="t">Bronzezeitliche Kupfergewinnung in den Eisnerzer Alpen, Steiermark /</subfield>
         <subfield code="r">Susanne Klemm --</subfield>
         <subfield code="t">Bronzezeitliche Kupferverhüttung in Trentino /</subfield>
         <subfield code="r">Elena Silverstri, Andreas Hauptmann, Paolo Rellintani, Elizabetta Mottes &amp; Franco Nicolis --</subfield>
         <subfield code="t">Urnenfelderzeitlicher Kupferbergbau in Niederösterreich /</subfield>
         <subfield code="r">Peter Trebsche --</subfield>
      </datafield>
      <datafield tag="505" ind1="8" ind2="0">
         <subfield code="t">Prähistorische Kupferproduktion im Oberhalbstein (Graubünden, Schweiz) /</subfield>
         <subfield code="r">Leandra Naef --</subfield>
         <subfield code="t">Experimentelle Archäologie zu ostalpinen Aufbereitungs- und Hüttenprozenssen /</subfield>
         <subfield code="r">Daniel Modl --</subfield>
         <subfield code="t">Alpines Kupferschmelzen : technologische Aspekte /</subfield>
         <subfield code="r">Erica Hanning, Hannes Herdits &amp; Elena Silvestri --</subfield>
         <subfield code="t">Guss- und Schmiedeterchnik der Bronzezeit : ein Überblick /</subfield>
         <subfield code="r">Mathias Mehofer --</subfield>
         <subfield code="t">Dendro-Daten zum prähistorischen Kupferbergbau in Westösterreich /</subfield>
         <subfield code="r">Kurt Nicolussi, Thomas Pichler &amp; Andrea Thurner --</subfield>
         <subfield code="t">Holz im bronzezeitlichen Berbau der Ostalpen /</subfield>
         <subfield code="r">Peter Thomas --</subfield>
         <subfield code="t">Aspekte der Versorgung bronzezeitlicher Bergbaugebiete /</subfield>
         <subfield code="r">Klaus Oeggle &amp; Andton Stefan Schwartz --</subfield>
         <subfield code="t">Fleischkonsum der bronzezeitlichen Bergleute /</subfield>
         <subfield code="r">Jörg Schibler, Elizabeth Marti-Grädel, Barbara Stopp &amp; Heidemarie Hüster Plogmann --</subfield>
         <subfield code="t">Eliten der Früh- und Mittelbronzezeit und ihre Beziehungen zum Kupferbergbau der Ostalpen /</subfield>
         <subfield code="r">Gerhard Tomedi --</subfield>
         <subfield code="t">Das Brandgräberfeld Vomp : Ficht-Au im Uterinntal un die Nordtiroler Urnenfelderzeit /</subfield>
         <subfield code="r">Wolfgang Sölder.</subfield>
      </datafield>
      <datafield tag="505" ind1="8" ind2="0">
         <subfield code="g">IV.</subfield>
         <subfield code="t">Das Salz der Bronze : Un Eisenzeit.</subfield>
         <subfield code="t">Salz als Lebens- und Wirtschaftsmittel /</subfield>
         <subfield code="r">Thomas Stöllner --</subfield>
         <subfield code="t">Die prähistorischen Slazbergwerke von Hallstatt /</subfield>
         <subfield code="r">Hans Reschreiter &amp; Kerstin Kowarik --</subfield>
         <subfield code="t">Holz : ein wichtiges Betriebsmittel im bronzezeitlichen Salzbergbau in Hallstatt /</subfield>
         <subfield code="r">Michael Grabner, Hans Reschreiter, Kerstin Kowarik, Georg Winner &amp; Andrea Klein --</subfield>
         <subfield code="t">Hallstatt und die Fleischversorgung bronzezeitlicher Bergbausiedlungen /</subfield>
         <subfield code="r">Erich Pucher --</subfield>
         <subfield code="t">Umfeld un Versorgung des Hallstätter Salzbergbaus von der Mittelbronzezeit in die Ältere Eisenzeit /</subfield>
         <subfield code="r">Kerstin Kowarik, Hans Reschreiter, Julia Klammer, Michael Grabner &amp; Georg Winner --</subfield>
         <subfield code="t">Textilien und Textilnutzung in Hallstatt und Hellein /</subfield>
         <subfield code="r">Karina Grömer --</subfield>
         <subfield code="t">Der Dürrnberg bei Hallein als Kultur- und Wirtschaftsraum /</subfield>
         <subfield code="r">Thomas Stöllner --</subfield>
         <subfield code="t">Der Salzbergbau am Dürrnberg im Unfeld der ostalpinen Salzgewinnung /</subfield>
         <subfield code="r">Thomas Stöllner --</subfield>
         <subfield code="t">Holznutzung und Ernährung der Dürrnberger Bergleute /</subfield>
         <subfield code="r">Nicole Boenke --</subfield>
         <subfield code="t">Eisenzeitliche Holznutzung in der Gewerbesiedlung Ramsautal am Dürrnberg bei Hallein /</subfield>
         <subfield code="r">Wolfgang F.A. Lobisser --</subfield>
         <subfield code="t">Die Fleischversorgung der Dürrnberger Bergleute /</subfield>
         <subfield code="r">Erich Pucher --</subfield>
         <subfield code="t">Eizenzeitliche Solenutzung bei St. Magdalena im Halltal, Norditirol /</subfield>
         <subfield code="r">Alexander Zanesco.</subfield>
      </datafield>
      <datafield tag="505" ind1="8" ind2="0">
         <subfield code="g">V.</subfield>
         <subfield code="t">Rohstoffe für das Imperium : Die Römer in den Alpen.</subfield>
         <subfield code="t">Blei, der Glanz von Frög /</subfield>
         <subfield code="r">Paul Gleirscher --</subfield>
         <subfield code="t">Keltisch-römischer Edelmetallbergbau in den Hohen Tauern? /</subfield>
         <subfield code="r">Paul Gleirscher --</subfield>
         <subfield code="t">Norischer Stahl : Römische Eisenproduktion in Kärnten /</subfield>
         <subfield code="r">Brigitte Cech --</subfield>
         <subfield code="t">Kie Golbarengiesserei in der Stadt auf dem Magdalensberg : Einblicke in einen kaiserlich rämischen Hightec-Betrieb /</subfield>
         <subfield code="r">Heimo Dolenz --</subfield>
         <subfield code="t">Die Versorgung des Alpernraums mit Blei in römischer Zeit /</subfield>
         <subfield code="r">Michael Bode, Norbert Hanel &amp; Peter Rothenhöfer --</subfield>
         <subfield code="t">Die prähistorische und mittelalterliche Eisenindustrie des Burgenlandes : Eine Forschungsgeschichte /</subfield>
         <subfield code="r">Hannes Herdits --</subfield>
         <subfield code="t">"Schätze der Alpen" : ein Überblick über die südlichen Alpen /</subfield>
         <subfield code="r">Marco Tizzoni.</subfield>
         <subfield code="g">VI.</subfield>
         <subfield code="t">Macht un Münze : Der Streit um die Regalien.</subfield>
         <subfield code="t">Die Etablierung der Berggemeinde und des kodifizierten Bergrechts : Das Trienter Bergrecht /</subfield>
         <subfield code="r">Christoph Bartels --</subfield>
         <subfield code="t">Spätmittelalterlicher Bergbau im Ostalpenraum /</subfield>
         <subfield code="r">Klas Brandstätter --</subfield>
         <subfield code="t">Toponyme als Quellen der mittelalterlichen Bergbaugeschichte der Ostalpen /</subfield>
         <subfield code="r">Elisabeth Gruber &amp; Peter Anreiter --</subfield>
         <subfield code="t">Lavenzabbau am Pfitscherjoch in den Zillertaler Alpen, Nordtirol /</subfield>
         <subfield code="r">Thomas Bachnetzer, Michael Unterwurzacher, Walter Leitner &amp; Peter Anreiter --</subfield>
         <subfield code="t">Das Churrätische Reichsurbar als schriftliches Zeugnis für die frühmittelalterliche Eisenverhüttung /</subfield>
         <subfield code="r">Georg Neuhauser --</subfield>
         <subfield code="t">"Argentifodinam seu montem dictum Mùntafùne" : 1000 Jahre Bergbau im südlichen Vorarlberg /</subfield>
         <subfield code="r">Georg Neuhaser --</subfield>
         <subfield code="t">Das Berggericht Montafon in der frühen Neuzeit /</subfield>
         <subfield code="r">Georg Neuhaser --</subfield>
         <subfield code="t">Ein mittelalterliches Montanrevier im Montafon in den Zentral-alpen, Vorarlberg /</subfield>
         <subfield code="r">Rüdiger Krause, Franziska Würfel, Astrid Röpke, Rudolf Klopfer, Josephine Friederich &amp; Tanja Zerl --</subfield>
         <subfield code="t">Mittelalterlicher Eisenerzbergbau auf der Alpe Netza/Montafon/Borarlberg /</subfield>
         <subfield code="r">Claus-Stephan Holdermann --</subfield>
         <subfield code="t">Der Monte Calisio /</subfield>
         <subfield code="r">Marco Tizzoni --</subfield>
      </datafield>
      <datafield tag="505" ind1="8" ind2="0">
         <subfield code="t">Erste Ergebnisse montanarchäologischer Forschungen zum mittelalterlichen Bergbau auf dem Plateau des Monte Calisio (Trentino, Italien) /</subfield>
         <subfield code="r">Lara Casagrande &amp; Martin Strassburger --</subfield>
         <subfield code="t">Aufschwung der Salzgewinnung im Früh- und Hochmittelalter im ostalpinen Raum /</subfield>
         <subfield code="r">Fritz Koller.</subfield>
         <subfield code="g">VII.</subfield>
         <subfield code="t">Aufbruch in die Jetztzeit.</subfield>
         <subfield code="t">Der Alpine Bergbau und die globale Rohstoffversorgung im 16. bis 18. Jahrhundert : Aufbruch zu neuen Welten /</subfield>
         <subfield code="r">Christoph Bartels --</subfield>
         <subfield code="t">Das Schwazer Bergbuch in seinem historischen und technologischen Kontext /</subfield>
         <subfield code="r">Christoph Bartels &amp; Andreas Bingener --</subfield>
         <subfield code="t">Berbaug in Schwaz im 15. bis 18. Jahrhundert /</subfield>
         <subfield code="r">Andreas Bingener and Christoph Bartels --</subfield>
         <subfield code="t">Bevölkerungsdynamische und wirtschaftliche Prozesse im Grossraum Schwaz vom Spätmittelalter bis zur Frühen Neuzeit /</subfield>
         <subfield code="r">Klas Brandstätter --</subfield>
         <subfield code="t">Bergbau am Rerobichl /</subfield>
         <subfield code="r">Anita Feichter-Haid --</subfield>
         <subfield code="t">"Bey guetem fleisch kann kainer bsten, mit Perckmüesern sic müssen bergen" : Die Lebensmittelversorgung der "Tiroler Montanreviere" im Mittelalter und der Frühen Neuzeit /</subfield>
         <subfield code="r">Klaus Brandstätter, Georg Neuhauser &amp; Bettina Anzinger --</subfield>
         <subfield code="t">Der Südtiroler Erzbergbau im Mittelalter und das Bergrevier Klausen in der frühen Neuzeit /</subfield>
         <subfield code="r">Bettin Anzinger &amp; Georg Neuhauser --</subfield>
         <subfield code="t">Edelmetallbergbau in den Hohen Tauern /</subfield>
         <subfield code="r">Fritz Gruber --</subfield>
         <subfield code="t">Tauerngold : Historische und montanarchäologische Zeugnisse zum Edelmetallbergbau in den Ostalpen /</subfield>
         <subfield code="r">Brigitte Cech --</subfield>
         <subfield code="t">Holzkohlenproduktion in den Ostalpen in Mittelalter un Neuzeit, am Beispiel der archäologischen Befunde in der Eisenerzer Ramsau, Steiermark /</subfield>
         <subfield code="r">Susanne Klemm.</subfield>
      </datafield>
      <datafield tag="505" ind1="8" ind2="0">
         <subfield code="g">VIII.</subfield>
         <subfield code="t">Epilog : Was bleibt.</subfield>
         <subfield code="t">Vom Gold zum Radon-Heilstollen : Niedergang und Neuanfang des Edelmetallbergbaus in den Hohen Tauern zwischen dem 18. un dem 20. Jahrhundert /</subfield>
         <subfield code="r">Fritz Gruber --</subfield>
         <subfield code="t">Granat aus den Ost-Alpen : Geschichte-Verarbeitung und Nutzung /</subfield>
         <subfield code="r">Walter Ungerank --</subfield>
         <subfield code="t">Südtiroler Marmore : Vorkommen und Verwendung /</subfield>
         <subfield code="r">Michael Unterwurzacher &amp; Ulrich Obojes.</subfield>
      </datafield>
      <datafield tag="650" ind1=" " ind2="0">
         <subfield code="a">Mines and mineral resources</subfield>
         <subfield code="z">Alps, Eastern</subfield>
         <subfield code="x">History.</subfield>
      </datafield>
      <datafield tag="650" ind1=" " ind2="0">
         <subfield code="a">Mineral industries</subfield>
         <subfield code="z">Alps, Eastern</subfield>
         <subfield code="x">History.</subfield>
      </datafield>
      <datafield tag="651" ind1=" " ind2="0">
         <subfield code="a">Alps, Eastern</subfield>
         <subfield code="x">Antiquities</subfield>
         <subfield code="v">Exhibitions.</subfield>
      </datafield>
      <datafield tag="830" ind1=" " ind2="0">
         <subfield code="a">Veröffentlichungen aus dem Deutschen Bergbau-Museum Bochum ;</subfield>
         <subfield code="v">Nr. 207.</subfield>
         <subfield code="x">1616-9212</subfield>
      </datafield>
      <datafield tag="OWN" ind1=" " ind2=" ">
         <subfield code="a">GENERAL</subfield>
      </datafield>
      <datafield tag="AVA" ind1=" " ind2=" ">
         <subfield code="a">NYU50</subfield>
         <subfield code="b">NISAW</subfield>
         <subfield code="c">Large Collection</subfield>
         <subfield code="d">TN95.A44 B47 2015</subfield>
         <subfield code="e">available</subfield>
         <subfield code="t">Available</subfield>
         <subfield code="f">1</subfield>
         <subfield code="g">0</subfield>
         <subfield code="h">N</subfield>
         <subfield code="i">0</subfield>
         <subfield code="j">LARGE</subfield>
         <subfield code="k">0</subfield>
      </datafield>
      <marc:datafield tag="852" ind1=" " ind2=" ">
         <marc:subfield code="b">Institute for the Study of the Ancient World, </marc:subfield>
         <marc:subfield code="c">Large Collection</marc:subfield>
         <marc:subfield code="e">15 East 84th St., </marc:subfield>
         <marc:subfield code="e">New York, NY  10028</marc:subfield>
      </marc:datafield>
   </record>