

	
	  <record xsi:schemaLocation="http://www.loc.gov/MARC21/slim http://www.loc.gov/standards/marcxml/schema/MARC21slim.xsd">
      <leader>00000cam a2200685 i 4500</leader>
      <controlfield tag="FMT">BK</controlfield>
      <controlfield tag="LDR">00000cam a2200685 i 4500</controlfield>
      <controlfield tag="001">004282553</controlfield>
      <controlfield tag="003">OCoLC</controlfield>
      <controlfield tag="005">20160517104340.0</controlfield>
      <controlfield tag="008">160511t20142014gw ae    b    000 0 ger d</controlfield>
      <datafield tag="016" ind1="7" ind2=" ">
         <subfield code="a">1060335425</subfield>
         <subfield code="2">GyFmDB</subfield>
      </datafield>
      <datafield tag="016" ind1="7" ind2=" ">
         <subfield code="a">1060335425</subfield>
         <subfield code="2">DE-101</subfield>
      </datafield>
      <datafield tag="020" ind1=" " ind2=" ">
         <subfield code="a">9783862063345</subfield>
         <subfield code="q">(pbk.)</subfield>
      </datafield>
      <datafield tag="020" ind1=" " ind2=" ">
         <subfield code="a">3862063348</subfield>
         <subfield code="q">(pbk.)</subfield>
      </datafield>
      <datafield tag="024" ind1="3" ind2=" ">
         <subfield code="a">9783862063345</subfield>
      </datafield>
      <datafield tag="035" ind1=" " ind2=" ">
         <subfield code="a">(OCoLC)904540764</subfield>
      </datafield>
      <datafield tag="040" ind1=" " ind2=" ">
         <subfield code="a">OHX</subfield>
         <subfield code="b">eng</subfield>
         <subfield code="e">rda</subfield>
         <subfield code="c">OHX</subfield>
         <subfield code="d">OCLCQ</subfield>
         <subfield code="d">JPG</subfield>
         <subfield code="d">MZA</subfield>
         <subfield code="d">ZCU</subfield>
         <subfield code="d">OCLCF</subfield>
      </datafield>
      <datafield tag="043" ind1=" " ind2=" ">
         <subfield code="a">e-gx---</subfield>
         <subfield code="a">a-jo---</subfield>
      </datafield>
      <datafield tag="050" ind1=" " ind2="4">
         <subfield code="a">NA1479.6</subfield>
         <subfield code="b">.T76 2014</subfield>
      </datafield>
      <datafield tag="072" ind1=" " ind2="7">
         <subfield code="a">NA</subfield>
         <subfield code="2">lcco</subfield>
      </datafield>
      <datafield tag="100" ind1="1" ind2=" ">
         <subfield code="a">Troelenberg, Eva-Maria,</subfield>
         <subfield code="e">author.</subfield>
      </datafield>
      <datafield tag="245" ind1="1" ind2="0">
         <subfield code="a">Mschatta in Berlin :</subfield>
         <subfield code="b">Grundsteine islamischer Kunst /</subfield>
         <subfield code="c">Eva-Maria Troelenberg.</subfield>
      </datafield>
      <datafield tag="246" ind1="1" ind2="7">
         <subfield code="a">Connecting art histories in the museum :</subfield>
         <subfield code="b">Mschatta in Berlin</subfield>
      </datafield>
      <datafield tag="264" ind1=" " ind2="1">
         <subfield code="a">Dortmund :</subfield>
         <subfield code="b">Kettler,</subfield>
         <subfield code="c">[2014].</subfield>
      </datafield>
      <datafield tag="264" ind1=" " ind2="4">
         <subfield code="c">©2014</subfield>
      </datafield>
      <datafield tag="300" ind1=" " ind2=" ">
         <subfield code="a">243 pages :</subfield>
         <subfield code="b">illustrations (chiefly color), maps, plans ;</subfield>
         <subfield code="c">24 cm</subfield>
      </datafield>
      <datafield tag="336" ind1=" " ind2=" ">
         <subfield code="a">text</subfield>
         <subfield code="b">txt</subfield>
         <subfield code="2">rdacontent</subfield>
      </datafield>
      <datafield tag="336" ind1=" " ind2=" ">
         <subfield code="a">still image</subfield>
         <subfield code="b">sti</subfield>
         <subfield code="2">rdacontent</subfield>
      </datafield>
      <datafield tag="337" ind1=" " ind2=" ">
         <subfield code="a">unmediated</subfield>
         <subfield code="b">n</subfield>
         <subfield code="2">rdamedia</subfield>
      </datafield>
      <datafield tag="338" ind1=" " ind2=" ">
         <subfield code="a">volume</subfield>
         <subfield code="b">nc</subfield>
         <subfield code="2">rdacarrier</subfield>
      </datafield>
      <datafield tag="490" ind1="1" ind2=" ">
         <subfield code="a">Connecting art histories in the museum</subfield>
      </datafield>
      <datafield tag="500" ind1=" " ind2=" ">
         <subfield code="a">"'Mshatta in Berlin. Bausteine Islamischer Kunst" ist der erste Band einer Publicationsreihe des Forschungs- und Stipendienprogramms Connecting Art Histories in the Museum. The Mediterranean and Asia, einer Kooperation zwischen den Staatlichen Museen zu Berlin und dem Kunsthistorischen Institut in Florenz-Max-Planck-Institut"--Page 8.</subfield>
      </datafield>
      <datafield tag="504" ind1=" " ind2=" ">
         <subfield code="a">Includes bibliographical references (pages 234-243).</subfield>
      </datafield>
      <datafield tag="650" ind1=" " ind2="0">
         <subfield code="a">Architecture, Umayyad</subfield>
         <subfield code="z">Jordan.</subfield>
      </datafield>
      <datafield tag="650" ind1=" " ind2="0">
         <subfield code="a">Architecture, Umayyad</subfield>
         <subfield code="z">Germany</subfield>
         <subfield code="z">Berlin.</subfield>
      </datafield>
      <datafield tag="650" ind1=" " ind2="0">
         <subfield code="a">Islamic decoration and ornament</subfield>
         <subfield code="z">Jordan.</subfield>
      </datafield>
      <datafield tag="650" ind1=" " ind2="0">
         <subfield code="a">Decoration and ornament, Architectural</subfield>
         <subfield code="z">Jordan.</subfield>
      </datafield>
      <datafield tag="650" ind1=" " ind2="0">
         <subfield code="a">Facades</subfield>
         <subfield code="z">Germany</subfield>
         <subfield code="z">Berlin.</subfield>
      </datafield>
      <datafield tag="650" ind1=" " ind2="0">
         <subfield code="a">Relief (Sculpture), Medieval</subfield>
         <subfield code="z">Germany</subfield>
         <subfield code="z">Berlin.</subfield>
      </datafield>
      <datafield tag="650" ind1=" " ind2="0">
         <subfield code="a">Islamic architecture</subfield>
         <subfield code="z">Jordan.</subfield>
      </datafield>
      <datafield tag="710" ind1="2" ind2=" ">
         <subfield code="a">Staatliche Museen zu Berlin--Preussischer Kulturbesitz,</subfield>
         <subfield code="e">sponsoring body.</subfield>
      </datafield>
      <datafield tag="710" ind1="2" ind2=" ">
         <subfield code="a">Kunsthistorisches Institut in Florenz, Max-Planck-Institut,</subfield>
         <subfield code="e">sponsoring body.</subfield>
      </datafield>
      <datafield tag="830" ind1=" " ind2="0">
         <subfield code="a">Connecting art histories in the museum.</subfield>
      </datafield>
      <datafield tag="OWN" ind1=" " ind2=" ">
         <subfield code="a">GENERAL</subfield>
      </datafield>
      <datafield tag="AVA" ind1=" " ind2=" ">
         <subfield code="a">NYU50</subfield>
         <subfield code="b">NIFA</subfield>
         <subfield code="c">Main Collection</subfield>
         <subfield code="d">NA1479.6 .T76 2014 Non-circulating</subfield>
         <subfield code="e">unavailable</subfield>
         <subfield code="t">Unavailable</subfield>
         <subfield code="f">1</subfield>
         <subfield code="g">1</subfield>
         <subfield code="h">N</subfield>
         <subfield code="i">0</subfield>
         <subfield code="j">MAIN</subfield>
         <subfield code="k">0</subfield>
      </datafield>
      <datafield tag="AVA" ind1=" " ind2=" ">
         <subfield code="a">NYU50</subfield>
         <subfield code="b">NISAW</subfield>
         <subfield code="c">Small Collection</subfield>
         <subfield code="d">NA1479.6 .T76 2014</subfield>
         <subfield code="e">available</subfield>
         <subfield code="t">Available</subfield>
         <subfield code="f">1</subfield>
         <subfield code="g">0</subfield>
         <subfield code="h">N</subfield>
         <subfield code="i">0</subfield>
         <subfield code="j">SMALL</subfield>
         <subfield code="k">0</subfield>
      </datafield>
      <marc:datafield tag="852" ind1=" " ind2=" ">
         <marc:subfield code="b">Institute for the Study of the Ancient World, </marc:subfield>
         <marc:subfield code="c">Small Collection</marc:subfield>
         <marc:subfield code="e">15 East 84th St., </marc:subfield>
         <marc:subfield code="e">New York, NY  10028</marc:subfield>
      </marc:datafield>
   </record>