

	
	  <record xsi:schemaLocation="http://www.loc.gov/MARC21/slim http://www.loc.gov/standards/marcxml/schema/MARC21slim.xsd">
      <leader>00000cam a2200505 a 4500</leader>
      <controlfield tag="FMT">BK</controlfield>
      <controlfield tag="LDR">00000cam a2200505 a 4500</controlfield>
      <controlfield tag="001">004282826</controlfield>
      <controlfield tag="003">OCoLC</controlfield>
      <controlfield tag="005">20160523153129.0</controlfield>
      <controlfield tag="008">160511s2011    tu abe   b    100 0 eng d</controlfield>
      <datafield tag="010" ind1=" " ind2=" ">
         <subfield code="a">2012343768</subfield>
      </datafield>
      <datafield tag="020" ind1=" " ind2=" ">
         <subfield code="a">9789757120124</subfield>
      </datafield>
      <datafield tag="020" ind1=" " ind2=" ">
         <subfield code="a">975712012X</subfield>
      </datafield>
      <datafield tag="035" ind1=" " ind2=" ">
         <subfield code="a">(OCoLC)759978983</subfield>
      </datafield>
      <datafield tag="040" ind1=" " ind2=" ">
         <subfield code="a">DDO</subfield>
         <subfield code="b">eng</subfield>
         <subfield code="c">DDO</subfield>
         <subfield code="d">DLC</subfield>
         <subfield code="d">OCLCF</subfield>
         <subfield code="d">OCLCO</subfield>
         <subfield code="d">NNU</subfield>
      </datafield>
      <datafield tag="042" ind1=" " ind2=" ">
         <subfield code="a">lccopycat</subfield>
         <subfield code="a">lcode</subfield>
      </datafield>
      <datafield tag="043" ind1=" " ind2=" ">
         <subfield code="a">a-tu---</subfield>
      </datafield>
      <datafield tag="050" ind1="0" ind2="0">
         <subfield code="a">DR431</subfield>
         <subfield code="b">.I575 2010</subfield>
      </datafield>
      <datafield tag="090" ind1=" " ind2=" ">
         <subfield code="a">DS156.P5</subfield>
         <subfield code="b">I58 2010</subfield>
      </datafield>
      <datafield tag="111" ind1="2" ind2=" ">
         <subfield code="a">International Symposium of Architecture</subfield>
         <subfield code="n">(3rd :</subfield>
         <subfield code="d">2010 :</subfield>
         <subfield code="c">Kütahya İli, Turkey)</subfield>
      </datafield>
      <datafield tag="245" ind1="1" ind2="0">
         <subfield code="a">Archaeological research in western central Anatolia :</subfield>
         <subfield code="b">the IIIrd International Symposium of Archaeology, Kütahya, 8th-9th March 2010 : proceedings /</subfield>
         <subfield code="c">edit [sic] by A. Nejat Bilgen [and others].</subfield>
      </datafield>
      <datafield tag="260" ind1=" " ind2=" ">
         <subfield code="a">Kütahya :</subfield>
         <subfield code="b">Üçmart Press,</subfield>
         <subfield code="c">2011.</subfield>
      </datafield>
      <datafield tag="300" ind1=" " ind2=" ">
         <subfield code="a">252 p. :</subfield>
         <subfield code="b">ill. (chiefly col.), maps, plans ;</subfield>
         <subfield code="c">29 cm.</subfield>
      </datafield>
      <datafield tag="336" ind1=" " ind2=" ">
         <subfield code="a">text</subfield>
         <subfield code="b">txt</subfield>
         <subfield code="2">rdacontent</subfield>
      </datafield>
      <datafield tag="337" ind1=" " ind2=" ">
         <subfield code="a">unmediated</subfield>
         <subfield code="b">n</subfield>
         <subfield code="2">rdamedia</subfield>
      </datafield>
      <datafield tag="338" ind1=" " ind2=" ">
         <subfield code="a">volume</subfield>
         <subfield code="b">nc</subfield>
         <subfield code="2">rdacarrier</subfield>
      </datafield>
      <datafield tag="500" ind1=" " ind2=" ">
         <subfield code="a">"The IIIrd International Symposium of Archaeology was organized at the University of Kütahya Dumlupinar in cooperation with the Department of Classical Archaeology of Freiburg University during 8th and 9th March 2010"--Preface.</subfield>
      </datafield>
      <datafield tag="500" ind1=" " ind2=" ">
         <subfield code="a">"...covering mainly the modern regions of Afyon-Karahisar, Eskişehir and Kütahya..."--Preface.</subfield>
      </datafield>
      <datafield tag="504" ind1=" " ind2=" ">
         <subfield code="a">Includes bibliographical references.</subfield>
      </datafield>
      <datafield tag="505" ind1="0" ind2=" ">
         <subfield code="a">Lithic artifacts from the Neolithic period in northwest Anatolia : latest results / Ivan Gatsov, Petranka Nedelcheva -- The significance of the Keçiçayırı excavations in the prehistory of inland northwestern Anatolia / Turan Efe, Deniz Sari, Erkan Ḟidan -- Some thoughts on social and economic development in western Anatolia during the fourth and third millennia BC / Ulf-Dietrich Schoop -- The excavations of Seyitömer Mound / A. Nijet Bi̇lgen -- Relations between Seyitömer Mound and central Anatolia in 2000 BC / Zeynep Bilgen -- Hellenistic period architecture in Seyitömer Mound / Nazan Yüzbaşioglŭ -- Achaemenid period architectural remains at Seyitömer Mound / Gökhun Coşkun -- Rock-cut tombs which are located in the highlands of Phrygia : an analysis within the frame of Hellenistic and Roman imperial periods in context of typology and façade carving / R. Eser Kortanoğlu -- New research in Aizanoi, 2007-2009 / Ralf von den Hoff -- Aizanoi's theatre in use : an epigraphic approach / Michael Wörrle -- From quarry to church? : the late antique peristyle at the gateway of the theatre-stadium in Aizanoi / Fabian Stroth -- Who is afraid of the fall of Rome? : prosperity and the end of antiquity in central western Anatolia / Philip Niewöhner -- The living site : a heritage protection framework for Aizanoi/Çavdarhisar / Haiko Türk -- Goloe / Thomas Drew-Bear, Metin Türktüzün -- A 3800 yrs old brain : looking to the history of macroscopical and microscopical anatomy and computer tomography / Meric A. Altinoz [and others] -- Could a 3800-yrs old brain still exert traces of life? : analysis on the bases of organic lipids, DNA and trace elements / Meric A. Altinoz [and others].</subfield>
      </datafield>
      <datafield tag="650" ind1=" " ind2="0">
         <subfield code="a">Excavations (Archaeology)</subfield>
         <subfield code="z">Turkey</subfield>
         <subfield code="v">Congresses.</subfield>
      </datafield>
      <datafield tag="651" ind1=" " ind2="0">
         <subfield code="a">Turkey</subfield>
         <subfield code="x">Antiquities</subfield>
         <subfield code="v">Congresses.</subfield>
      </datafield>
      <datafield tag="651" ind1=" " ind2="0">
         <subfield code="a">Phrygia</subfield>
         <subfield code="x">Antiquities</subfield>
         <subfield code="v">Congresses.</subfield>
      </datafield>
      <datafield tag="700" ind1="1" ind2=" ">
         <subfield code="a">Bilgen, A. Nejat.</subfield>
      </datafield>
      <datafield tag="OWN" ind1=" " ind2=" ">
         <subfield code="a">GENERAL</subfield>
      </datafield>
      <datafield tag="AVA" ind1=" " ind2=" ">
         <subfield code="a">NYU50</subfield>
         <subfield code="b">NISAW</subfield>
         <subfield code="c">Large Collection</subfield>
         <subfield code="d">DS156.P5 I58 2010</subfield>
         <subfield code="e">available</subfield>
         <subfield code="t">Available</subfield>
         <subfield code="f">1</subfield>
         <subfield code="g">0</subfield>
         <subfield code="h">N</subfield>
         <subfield code="i">0</subfield>
         <subfield code="j">LARGE</subfield>
         <subfield code="k">0</subfield>
      </datafield>
      <marc:datafield tag="852" ind1=" " ind2=" ">
         <marc:subfield code="b">Institute for the Study of the Ancient World, </marc:subfield>
         <marc:subfield code="c">Large Collection</marc:subfield>
         <marc:subfield code="e">15 East 84th St., </marc:subfield>
         <marc:subfield code="e">New York, NY  10028</marc:subfield>
      </marc:datafield>
   </record>