

	
	  <record xsi:schemaLocation="http://www.loc.gov/MARC21/slim http://www.loc.gov/standards/marcxml/schema/MARC21slim.xsd">
      <leader>00000cam a2200577 i 4500</leader>
      <controlfield tag="FMT">BK</controlfield>
      <controlfield tag="LDR">00000cam a2200577 i 4500</controlfield>
      <controlfield tag="001">004282829</controlfield>
      <controlfield tag="003">OCoLC</controlfield>
      <controlfield tag="005">20160614164859.0</controlfield>
      <controlfield tag="008">160511t20142014gw abcd  b    000 0 eng d</controlfield>
      <datafield tag="020" ind1=" " ind2=" ">
         <subfield code="a">3937248463</subfield>
      </datafield>
      <datafield tag="020" ind1=" " ind2=" ">
         <subfield code="a">9783937248462</subfield>
      </datafield>
      <datafield tag="035" ind1=" " ind2=" ">
         <subfield code="a">(OCoLC)888559129</subfield>
      </datafield>
      <datafield tag="040" ind1=" " ind2=" ">
         <subfield code="a">YDXCP</subfield>
         <subfield code="b">eng</subfield>
         <subfield code="e">rda</subfield>
         <subfield code="c">YDXCP</subfield>
         <subfield code="d">BTCTA</subfield>
         <subfield code="d">BRZ</subfield>
         <subfield code="d">OCLCF</subfield>
         <subfield code="d">JPG</subfield>
         <subfield code="d">UBC</subfield>
         <subfield code="d">YDX</subfield>
         <subfield code="d">VRC</subfield>
         <subfield code="d">NNU</subfield>
      </datafield>
      <datafield tag="041" ind1="1" ind2=" ">
         <subfield code="a">eng</subfield>
         <subfield code="h">ger</subfield>
      </datafield>
      <datafield tag="043" ind1=" " ind2=" ">
         <subfield code="a">f-nr---</subfield>
      </datafield>
      <datafield tag="050" ind1=" " ind2="4">
         <subfield code="a">NB1265</subfield>
         <subfield code="b">.N68 2014</subfield>
      </datafield>
      <datafield tag="082" ind1="0" ind2="4">
         <subfield code="a">732/.209669</subfield>
         <subfield code="2">23</subfield>
      </datafield>
      <datafield tag="245" ind1="0" ind2="0">
         <subfield code="a">Nok :</subfield>
         <subfield code="b">African sculpture in archaeological context /</subfield>
         <subfield code="c">edited by Peter Breunig.</subfield>
      </datafield>
      <datafield tag="264" ind1=" " ind2="1">
         <subfield code="a">Frankfurt am Main :</subfield>
         <subfield code="b">Africa Magna Verlag,</subfield>
         <subfield code="c">[2014]</subfield>
      </datafield>
      <datafield tag="264" ind1=" " ind2="4">
         <subfield code="c">©2014</subfield>
      </datafield>
      <datafield tag="300" ind1=" " ind2=" ">
         <subfield code="a">303 pages :</subfield>
         <subfield code="b">illustrations (some color),charts, maps, portraits ;</subfield>
         <subfield code="c">30 cm</subfield>
      </datafield>
      <datafield tag="336" ind1=" " ind2=" ">
         <subfield code="a">text</subfield>
         <subfield code="b">txt</subfield>
         <subfield code="2">rdacontent</subfield>
      </datafield>
      <datafield tag="336" ind1=" " ind2=" ">
         <subfield code="a">still image</subfield>
         <subfield code="b">sti</subfield>
         <subfield code="2">rdacontent</subfield>
      </datafield>
      <datafield tag="337" ind1=" " ind2=" ">
         <subfield code="a">unmediated</subfield>
         <subfield code="b">n</subfield>
         <subfield code="2">rdamedia</subfield>
      </datafield>
      <datafield tag="338" ind1=" " ind2=" ">
         <subfield code="a">volume</subfield>
         <subfield code="b">nc</subfield>
         <subfield code="2">rdacarrier</subfield>
      </datafield>
      <datafield tag="500" ind1=" " ind2=" ">
         <subfield code="a">"A joint research programme by Goethe-Universität Frankfurt, Germany &amp; National Commission for Museums and Monuments Abuja, Nigeria."</subfield>
      </datafield>
      <datafield tag="500" ind1=" " ind2=" ">
         <subfield code="a">"The German edition was published in 2013 in conjunction with the exhibition, Nok - Ein Ursprung Afrikanischer Skulptur, Liebieghaus Skulpturensammlung, Frankfurt am Main, Germany, October 30, 2013 - March 23, 2014."</subfield>
      </datafield>
      <datafield tag="504" ind1=" " ind2=" ">
         <subfield code="a">Includes bibliographical references (pages 301-302).</subfield>
      </datafield>
      <datafield tag="505" ind1="0" ind2="0">
         <subfield code="t">Introduction /</subfield>
         <subfield code="r">Peter Breunig.</subfield>
         <subfield code="g">The Big Picture.</subfield>
         <subfield code="t">Discovering Worlds: Distant Lands in the Eyes of the Greeks and Egyptians /</subfield>
         <subfield code="r">Vinzenz Brinkmann --</subfield>
         <subfield code="t">Africa and the Nok Culture period /</subfield>
         <subfield code="r">Peter Breunig --</subfield>
         <subfield code="t">The Nok Region - A savanna Landscape and its History /</subfield>
         <subfield code="r">Katharina Neumann and Alexa Höhn --</subfield>
         <subfield code="t">Early Iron in West and Central Africa /</subfield>
         <subfield code="r">Manfred K.H. Eggert, with a contribution by Nicole Rupp --</subfield>
         <subfield code="t">Interpreting from within Material Culture: Human and Animal Representations in Archaeological Context /</subfield>
         <subfield code="r">Andreas Zimmermann.</subfield>
         <subfield code="g">Art and Profiteering.</subfield>
         <subfield code="t">Looting of Nok Culture Sites in Nigeria /</subfield>
         <subfield code="r">Musa Oluwaseyi Hambolu --</subfield>
         <subfield code="t">Making a living from Gunki /</subfield>
         <subfield code="r">Umaru Yusuf Potiskum.</subfield>
         <subfield code="g">History of Research.</subfield>
         <subfield code="t">Discovery and Early research on the Nok Culture in Nigeria /</subfield>
         <subfield code="r">Angela Fagg --</subfield>
         <subfield code="t">My Adventure with the Nok Culture /</subfield>
         <subfield code="r">Joseph Jemkur.</subfield>
         <subfield code="t">Research restarted - the Frankfurt Nok project /</subfield>
         <subfield code="r">Peter Breunig.</subfield>
         <subfield code="g">Time and place, Finds and Methods.</subfield>
         <subfield code="t">How old is the Nok Culture? /</subfield>
         <subfield code="r">Gabriele Franke and Peter Breunig --</subfield>
         <subfield code="t">Well Hidden and Densely Spread : the Sites of the Nok Culture /</subfield>
         <subfield code="r">Nicole Rupp --</subfield>
         <subfield code="t">The chemistry of a Nok site /</subfield>
         <subfield code="r">Klaus-Peter Nagel --</subfield>
         <subfield code="t">Tradition and innovation /</subfield>
         <subfield code="r">Nicole Rupp --</subfield>
         <subfield code="t">When Sherds Speak - The Pottery of the Nok Culture /</subfield>
         <subfield code="r">Gabriele Franke --</subfield>
         <subfield code="t">Millet and More : Farming and Food in the Time of the Nok Culture /</subfield>
         <subfield code="r">Alexa Höhn and Katharina Neumann.</subfield>
         <subfield code="g">The terracotta sculptures.</subfield>
         <subfield code="t">The Nok Culture's terracotta figures /</subfield>
         <subfield code="r">Tanja M. Männel and Peter Breunig --</subfield>
         <subfield code="t">Communing with the ancestors?: the mystery of Utak Kamuan Garaje Kagoro /</subfield>
         <subfield code="r">Nicole Rupp --</subfield>
         <subfield code="t">Smashed into countless sherds : the restoration of block H from the Nok site of Utak Kamuan Garaje Kagoro /</subfield>
         <subfield code="r">Jasmin Munir and Stephan Ritter --</subfield>
         <subfield code="t">Restoring the large Daji Gwana Nok sculpture /</subfield>
         <subfield code="r">Birgit Frohreich --</subfield>
         <subfield code="t">The clay's the thing /</subfield>
         <subfield code="r">Christina Beck --</subfield>
      </datafield>
      <datafield tag="505" ind1="8" ind2="0">
         <subfield code="t">Some thoughts on the purpose of the Nok sculptures /</subfield>
         <subfield code="r">Peter Breunig.</subfield>
         <subfield code="g">Beyond Nok.</subfield>
         <subfield code="t">The Neighbours of Nok /</subfield>
         <subfield code="r">Muhammad K. Aliyu --</subfield>
         <subfield code="t">Nok terracotta sculptures in the context of ancient Nigeria's art traditions /</subfield>
         <subfield code="r">Yusuf Abdallah Usman.</subfield>
      </datafield>
      <datafield tag="650" ind1=" " ind2="0">
         <subfield code="a">Terra-cotta sculpture, Nok.</subfield>
      </datafield>
      <datafield tag="650" ind1=" " ind2="0">
         <subfield code="a">Terra-cotta sculpture, Nigerian.</subfield>
      </datafield>
      <datafield tag="651" ind1=" " ind2="0">
         <subfield code="a">Nok Site (Nigeria)</subfield>
      </datafield>
      <datafield tag="651" ind1=" " ind2="0">
         <subfield code="a">Nigeria</subfield>
         <subfield code="x">Antiquities.</subfield>
      </datafield>
      <datafield tag="650" ind1=" " ind2="0">
         <subfield code="a">Excavations (Archaeology)</subfield>
         <subfield code="z">Nigeria</subfield>
         <subfield code="z">Nok Site.</subfield>
      </datafield>
      <datafield tag="700" ind1="1" ind2=" ">
         <subfield code="a">Breunig, Peter,</subfield>
         <subfield code="e">editor.</subfield>
      </datafield>
      <datafield tag="710" ind1="2" ind2=" ">
         <subfield code="a">Universität Frankfurt am Main,</subfield>
         <subfield code="e">organizer.</subfield>
      </datafield>
      <datafield tag="710" ind1="1" ind2=" ">
         <subfield code="a">Nigeria.</subfield>
         <subfield code="b">National Commission for Museums and Monuments,</subfield>
         <subfield code="e">organizer.</subfield>
      </datafield>
      <datafield tag="710" ind1="2" ind2=" ">
         <subfield code="a">Liebieghaus,</subfield>
         <subfield code="e">host institution.</subfield>
      </datafield>
      <datafield tag="OWN" ind1=" " ind2=" ">
         <subfield code="a">GENERAL</subfield>
      </datafield>
      <datafield tag="AVA" ind1=" " ind2=" ">
         <subfield code="a">NYU50</subfield>
         <subfield code="b">NISAW</subfield>
         <subfield code="c">Large Collection</subfield>
         <subfield code="d">NB1265 .N68 2014</subfield>
         <subfield code="e">available</subfield>
         <subfield code="t">Available</subfield>
         <subfield code="f">1</subfield>
         <subfield code="g">0</subfield>
         <subfield code="h">N</subfield>
         <subfield code="i">0</subfield>
         <subfield code="j">LARGE</subfield>
         <subfield code="k">0</subfield>
      </datafield>
      <marc:datafield tag="852" ind1=" " ind2=" ">
         <marc:subfield code="b">Institute for the Study of the Ancient World, </marc:subfield>
         <marc:subfield code="c">Large Collection</marc:subfield>
         <marc:subfield code="e">15 East 84th St., </marc:subfield>
         <marc:subfield code="e">New York, NY  10028</marc:subfield>
      </marc:datafield>
   </record>