

	
	  <record xsi:schemaLocation="http://www.loc.gov/MARC21/slim http://www.loc.gov/standards/marcxml/schema/MARC21slim.xsd">
      <leader>00000cam a2200409 i 4500</leader>
      <controlfield tag="FMT">BK</controlfield>
      <controlfield tag="LDR">00000cam a2200409 i 4500</controlfield>
      <controlfield tag="001">004283285</controlfield>
      <controlfield tag="003">OCoLC</controlfield>
      <controlfield tag="005">20160818125917.0</controlfield>
      <controlfield tag="008">160512s2014    gw ab    b    100 0 eng d</controlfield>
      <datafield tag="016" ind1="7" ind2=" ">
         <subfield code="a">1054403872</subfield>
         <subfield code="2">GyFmDB</subfield>
      </datafield>
      <datafield tag="020" ind1=" " ind2=" ">
         <subfield code="a">9783774938823</subfield>
         <subfield code="q">(hd. bd.)</subfield>
      </datafield>
      <datafield tag="020" ind1=" " ind2=" ">
         <subfield code="a">3774938822</subfield>
         <subfield code="q">(hd. bd.)</subfield>
      </datafield>
      <datafield tag="035" ind1=" " ind2=" ">
         <subfield code="a">(OCoLC)893892894</subfield>
      </datafield>
      <datafield tag="040" ind1=" " ind2=" ">
         <subfield code="a">OHX</subfield>
         <subfield code="b">eng</subfield>
         <subfield code="c">OHX</subfield>
         <subfield code="d">OCLCO</subfield>
         <subfield code="d">EUN</subfield>
         <subfield code="d">ERASA</subfield>
         <subfield code="d">OCLCQ</subfield>
         <subfield code="d">OCLCF</subfield>
         <subfield code="d">CGU</subfield>
         <subfield code="d">OCLCQ</subfield>
         <subfield code="d">NNU</subfield>
      </datafield>
      <datafield tag="043" ind1=" " ind2=" ">
         <subfield code="a">e------</subfield>
         <subfield code="a">en-----</subfield>
      </datafield>
      <datafield tag="050" ind1=" " ind2="4">
         <subfield code="a">GN776.2.A1</subfield>
         <subfield code="b">L354 2014</subfield>
      </datafield>
      <datafield tag="072" ind1=" " ind2="7">
         <subfield code="a">GN</subfield>
         <subfield code="2">lcco</subfield>
      </datafield>
      <datafield tag="245" ind1="0" ind2="0">
         <subfield code="a">Landscapes, histories and societies in the Northern European Neolithic /</subfield>
         <subfield code="c">Institut für Ur- und Frühgeschichte der CAU Kiel ; herausgegeben von Martin Furholt [and others].</subfield>
      </datafield>
      <datafield tag="260" ind1=" " ind2=" ">
         <subfield code="a">Bonn :</subfield>
         <subfield code="b">In Kommission bei Dr. Rudolf Habelt GmbH,</subfield>
         <subfield code="c">2014.</subfield>
      </datafield>
      <datafield tag="300" ind1=" " ind2=" ">
         <subfield code="a">317 pages :</subfield>
         <subfield code="b">illustrations, maps ;</subfield>
         <subfield code="c">31 cm.</subfield>
      </datafield>
      <datafield tag="336" ind1=" " ind2=" ">
         <subfield code="a">text</subfield>
         <subfield code="b">txt</subfield>
         <subfield code="2">rdacontent</subfield>
      </datafield>
      <datafield tag="337" ind1=" " ind2=" ">
         <subfield code="a">unmediated</subfield>
         <subfield code="b">n</subfield>
         <subfield code="2">rdamedia</subfield>
      </datafield>
      <datafield tag="338" ind1=" " ind2=" ">
         <subfield code="a">volume</subfield>
         <subfield code="b">nc</subfield>
         <subfield code="2">rdacarrier</subfield>
      </datafield>
      <datafield tag="490" ind1="1" ind2=" ">
         <subfield code="a">Frühe Monumentalität und soziale Differenzierung ;</subfield>
         <subfield code="v">Bd. 4</subfield>
      </datafield>
      <datafield tag="500" ind1=" " ind2=" ">
         <subfield code="a">DFG Schwerpunktprogramm 1400.</subfield>
      </datafield>
      <datafield tag="500" ind1=" " ind2=" ">
         <subfield code="a">International conference proceedings.</subfield>
      </datafield>
      <datafield tag="504" ind1=" " ind2=" ">
         <subfield code="a">Includes bibliographical references.</subfield>
      </datafield>
      <datafield tag="505" ind1="0" ind2="0">
         <subfield code="g">Foreword:</subfield>
         <subfield code="t">Landscapes, histories and societies in the northern European Neolithic.</subfield>
         <subfield code="t">What is the Funnel Beaker complex? Persistent troubles with an inconsistent concept /</subfield>
         <subfield code="r">Martin Furholt.</subfield>
         <subfield code="t">The Significance of Enclosure.</subfield>
         <subfield code="t">Hamremoen : an enclosure for the hunter-gatherers? /</subfield>
         <subfield code="r">Håkon Gløostad and Lars Sundström --</subfield>
         <subfield code="t">The expression of monumentality among the Neolithic hunter-gatherers in Finland : Remarks on archaeology of giant’s churches /</subfield>
         <subfield code="r">Jari Okkonen --</subfield>
         <subfield code="t">Palisaded enclosures as arenas of social and political transformation in the Late Middle Neolithic of southernmost Scandinavia /</subfield>
         <subfield code="r">Kristian Brink --</subfield>
         <subfield code="t">Construction, process, environment : altering the landscape in Neolithic lowland Scotland /</subfield>
         <subfield code="r">Gordon Noble and Kenneth Brophy.</subfield>
         <subfield code="t">Commemorating the dead.</subfield>
         <subfield code="t">The complexity of megalithic graves on the island of Rügen /</subfield>
         <subfield code="r">Anja Behrens --</subfield>
         <subfield code="t">Megaliths and landscapes : Grave architecture as spatial manifestations of tradition and social identities in northern Germany /</subfield>
         <subfield code="r">Georg Schafferer --</subfield>
         <subfield code="t">Meanings of monumentalism at Lønt, Denmark /</subfield>
         <subfield code="r">Anne Brigitte Gebauer --</subfield>
         <subfield code="t">Three concepts of burying the dead : different types of megalithic monuments and their ritual and social signiﬁcance /</subfield>
         <subfield code="r">Almut Schülke --</subfield>
         <subfield code="t">Flintbek and the absolute chronology of megalithic graves in the Funnel Beaker North Group /</subfield>
         <subfield code="r">Doris Mischka --</subfield>
         <subfield code="t">Landscape between cultures : Westphalia between 4100 and 2700 BC /</subfield>
         <subfield code="r">Kerstin Schierhold --</subfield>
         <subfield code="t">The Funnel Beaker culture : Long barrows as the landscape of the dead within the landscapes of the living /</subfield>
         <subfield code="r">Andrzej Pelisiak --</subfield>
         <subfield code="t">Non-megalithic mounds beneath megaliths : A new perspective on monumenality in North Central Europe /</subfield>
         <subfield code="r">Johannes Müller, Hauke Dibbern, Franziska Hage.</subfield>
      </datafield>
      <datafield tag="505" ind1="8" ind2="0">
         <subfield code="t">Other kinds of places.</subfield>
         <subfield code="t">Identity of FBC societies in the Upper Vistula River basin /</subfield>
         <subfield code="r">Marek Nowak --</subfield>
         <subfield code="t">Neolithic transformations : relationships between society and landscape /</subfield>
         <subfield code="r">Lars Larsson --</subfield>
         <subfield code="t">Same but different? Neolithic economic and cultural change in northern Germany /</subfield>
         <subfield code="r">Martin Hinz --</subfield>
         <subfield code="t">New evidence of the FBC longhouses in Central Bohemia /</subfield>
         <subfield code="r">Jan Turek --</subfield>
         <subfield code="t">A sense of place at a fen /</subfield>
         <subfield code="r">Åsa Berggren --</subfield>
         <subfield code="t">The seashore : beyond monumentality : The case of Pitted Ware coastal sites in southern Sweden /</subfield>
         <subfield code="r">Kristina Jennbert.</subfield>
         <subfield code="t">Objects and their meanings.</subfield>
         <subfield code="t">Fragments of life and death : the biography of grinding and polishing stones found in long barrows at the Almhov burial site /</subfield>
         <subfield code="r">Susan Hydén --</subfield>
         <subfield code="t">The “mental” in monumental : Battle Axe culture in megalithic tombs in southern Sweden /</subfield>
         <subfield code="r">Deborah Olausson --</subfield>
         <subfield code="t">Hunter-gatherers with funnel beakers : Experimental implications for the adoption of pottery in Early Neolithic southern Norway /</subfield>
         <subfield code="r">Tine Schenck --</subfield>
         <subfield code="t">The ﬁnal stages of the Eastern Group of the Funnel Beaker complex in light of the ceramic data /</subfield>
         <subfield code="r">Agnieszka Przybył --</subfield>
         <subfield code="t">Stensborg : Mass destruction of axes and cereals reﬂecting southern contacts of the Funnel Beaker societies in southern Sweden /</subfield>
         <subfield code="r">Lars Larsson and Sven-Gunnar Broström.</subfield>
      </datafield>
      <datafield tag="650" ind1=" " ind2="0">
         <subfield code="a">Funnel-beaker culture</subfield>
         <subfield code="z">Europe, Northern.</subfield>
      </datafield>
      <datafield tag="650" ind1=" " ind2="0">
         <subfield code="a">Megalithic monuments</subfield>
         <subfield code="z">Europe, Northern.</subfield>
      </datafield>
      <datafield tag="650" ind1=" " ind2="0">
         <subfield code="a">Europe, Northern</subfield>
         <subfield code="x">Antiquities</subfield>
         <subfield code="v">Congresses.</subfield>
      </datafield>
      <datafield tag="650" ind1=" " ind2="0">
         <subfield code="a">Neolithic period</subfield>
         <subfield code="z">Europe, Northern</subfield>
         <subfield code="v">Congresses.</subfield>
      </datafield>
      <datafield tag="700" ind1="1" ind2=" ">
         <subfield code="a">Furholt, Martin.</subfield>
      </datafield>
      <datafield tag="710" ind1="2" ind2=" ">
         <subfield code="a">DFG Schwerpunktprogramm 1400.</subfield>
      </datafield>
      <datafield tag="830" ind1=" " ind2="0">
         <subfield code="a">Frühe Monumentalität und soziale Differenzierung ;</subfield>
         <subfield code="v">Bd. 4.</subfield>
      </datafield>
      <datafield tag="OWN" ind1=" " ind2=" ">
         <subfield code="a">GENERAL</subfield>
      </datafield>
      <datafield tag="AVA" ind1=" " ind2=" ">
         <subfield code="a">NYU50</subfield>
         <subfield code="b">NISAW</subfield>
         <subfield code="c">Large Collection</subfield>
         <subfield code="d">GN776.2.A1 L354 2014</subfield>
         <subfield code="e">available</subfield>
         <subfield code="t">Available</subfield>
         <subfield code="f">1</subfield>
         <subfield code="g">0</subfield>
         <subfield code="h">N</subfield>
         <subfield code="i">0</subfield>
         <subfield code="j">LARGE</subfield>
         <subfield code="k">0</subfield>
      </datafield>
      <marc:datafield tag="852" ind1=" " ind2=" ">
         <marc:subfield code="b">Institute for the Study of the Ancient World, </marc:subfield>
         <marc:subfield code="c">Large Collection</marc:subfield>
         <marc:subfield code="e">15 East 84th St., </marc:subfield>
         <marc:subfield code="e">New York, NY  10028</marc:subfield>
      </marc:datafield>
   </record>