

	
	  <record xsi:schemaLocation="http://www.loc.gov/MARC21/slim http://www.loc.gov/standards/marcxml/schema/MARC21slim.xsd">
      <leader>00000cam a2200541 i 4500</leader>
      <controlfield tag="FMT">BK</controlfield>
      <controlfield tag="LDR">00000cam a2200541 i 4500</controlfield>
      <controlfield tag="001">004283167</controlfield>
      <controlfield tag="003">OCoLC</controlfield>
      <controlfield tag="005">20160512101745.0</controlfield>
      <controlfield tag="008">160512s2014    cc ab    c    000 0 chi d</controlfield>
      <datafield tag="020" ind1=" " ind2=" ">
         <subfield code="a">9787501041213</subfield>
      </datafield>
      <datafield tag="020" ind1=" " ind2=" ">
         <subfield code="a">7501041210</subfield>
      </datafield>
      <datafield tag="035" ind1=" " ind2=" ">
         <subfield code="a">(OCoLC)902751822</subfield>
      </datafield>
      <datafield tag="040" ind1=" " ind2=" ">
         <subfield code="a">CNPIT</subfield>
         <subfield code="b">eng</subfield>
         <subfield code="e">rda</subfield>
         <subfield code="c">CNPIT</subfield>
         <subfield code="d">HFL</subfield>
         <subfield code="d">YUS</subfield>
         <subfield code="d">CUV</subfield>
      </datafield>
      <datafield tag="043" ind1=" " ind2=" ">
         <subfield code="a">a------</subfield>
         <subfield code="a">a-cc---</subfield>
         <subfield code="a">ac-----</subfield>
      </datafield>
      <datafield tag="050" ind1=" " ind2="4">
         <subfield code="a">DS328</subfield>
         <subfield code="b">.S523 2014</subfield>
      </datafield>
      <datafield tag="066" ind1=" " ind2=" ">
         <subfield code="c">$1</subfield>
      </datafield>
      <datafield tag="245" ind1="0" ind2="0">
         <subfield code="6">880-01</subfield>
         <subfield code="a">Si chou zhi lu /</subfield>
         <subfield code="c">Guo jia wen wu ju bian.</subfield>
      </datafield>
      <datafield tag="250" ind1=" " ind2=" ">
         <subfield code="6">880-02</subfield>
         <subfield code="a">Di 1 ban.</subfield>
      </datafield>
      <datafield tag="264" ind1=" " ind2="1">
         <subfield code="6">880-03</subfield>
         <subfield code="a">北京市 :</subfield>
         <subfield code="b">文物出版社,</subfield>
         <subfield code="c">2014.</subfield>
      </datafield>
      <datafield tag="300" ind1=" " ind2=" ">
         <subfield code="a">500 pages :</subfield>
         <subfield code="b">color illustrations, color map ;</subfield>
         <subfield code="c">31 cm</subfield>
      </datafield>
      <datafield tag="336" ind1=" " ind2=" ">
         <subfield code="a">text</subfield>
         <subfield code="b">txt</subfield>
         <subfield code="2">rdacontent</subfield>
      </datafield>
      <datafield tag="336" ind1=" " ind2=" ">
         <subfield code="a">still image</subfield>
         <subfield code="b">sti</subfield>
         <subfield code="2">rdacontent</subfield>
      </datafield>
      <datafield tag="337" ind1=" " ind2=" ">
         <subfield code="a">unmediated</subfield>
         <subfield code="b">n</subfield>
         <subfield code="2">rdamedia</subfield>
      </datafield>
      <datafield tag="338" ind1=" " ind2=" ">
         <subfield code="a">volume</subfield>
         <subfield code="b">nc</subfield>
         <subfield code="2">rdacarrier</subfield>
      </datafield>
      <datafield tag="500" ind1=" " ind2=" ">
         <subfield code="a">Catalog of an exhibition held at the Zhongguo guo jia bo wu guan in November, 2014.</subfield>
      </datafield>
      <datafield tag="651" ind1=" " ind2="0">
         <subfield code="a">Silk Road</subfield>
         <subfield code="x">Antiquities</subfield>
         <subfield code="v">Exhibitions.</subfield>
      </datafield>
      <datafield tag="650" ind1=" " ind2="0">
         <subfield code="a">Trade routes</subfield>
         <subfield code="z">Asia, Central</subfield>
         <subfield code="x">Antiquities</subfield>
         <subfield code="v">Exhibitions.</subfield>
      </datafield>
      <datafield tag="650" ind1=" " ind2="0">
         <subfield code="a">Trade routes</subfield>
         <subfield code="z">China, Northwest</subfield>
         <subfield code="x">Antiquities</subfield>
         <subfield code="v">Exhibitions.</subfield>
      </datafield>
      <datafield tag="650" ind1=" " ind2="7">
         <subfield code="a">Antiquities.</subfield>
         <subfield code="2">fast</subfield>
         <subfield code="0">(OCoLC)fst00810745</subfield>
      </datafield>
      <datafield tag="650" ind1=" " ind2="7">
         <subfield code="a">Trade routes.</subfield>
         <subfield code="2">fast</subfield>
         <subfield code="0">(OCoLC)fst01153852</subfield>
      </datafield>
      <datafield tag="651" ind1=" " ind2="7">
         <subfield code="a">Asia, Central.</subfield>
         <subfield code="2">fast</subfield>
         <subfield code="0">(OCoLC)fst01240497</subfield>
      </datafield>
      <datafield tag="651" ind1=" " ind2="7">
         <subfield code="a">Asia</subfield>
         <subfield code="z">Silk Road.</subfield>
         <subfield code="2">fast</subfield>
         <subfield code="0">(OCoLC)fst01243730</subfield>
      </datafield>
      <datafield tag="651" ind1=" " ind2="7">
         <subfield code="a">China, Northwest.</subfield>
         <subfield code="2">fast</subfield>
         <subfield code="0">(OCoLC)fst01692654</subfield>
      </datafield>
      <datafield tag="655" ind1=" " ind2="7">
         <subfield code="a">Exhibition catalogs.</subfield>
         <subfield code="2">fast</subfield>
         <subfield code="0">(OCoLC)fst01424028</subfield>
      </datafield>
      <datafield tag="710" ind1="1" ind2=" ">
         <subfield code="6">880-04</subfield>
         <subfield code="a">China.</subfield>
         <subfield code="b">Wen wu ju,</subfield>
         <subfield code="e">editor.</subfield>
      </datafield>
      <datafield tag="710" ind1="1" ind2=" ">
         <subfield code="6">880-05</subfield>
         <subfield code="a">China.</subfield>
         <subfield code="b">Guo jia bo wu guan,</subfield>
         <subfield code="e">host institution.</subfield>
      </datafield>
      <datafield tag="880" ind1="0" ind2="0">
         <subfield code="6">245-01/</subfield>
         <subfield code="a">丝绸之路 /</subfield>
         <subfield code="c">国家文物局编.</subfield>
      </datafield>
      <datafield tag="880" ind1=" " ind2=" ">
         <subfield code="6">250-02/</subfield>
         <subfield code="a">第1版.</subfield>
      </datafield>
      <datafield tag="880" ind1=" " ind2="1">
         <subfield code="6">264-03/</subfield>
         <subfield code="a">Beijing Shi :</subfield>
         <subfield code="b">Wen wu chu ban she,</subfield>
         <subfield code="c">2014.</subfield>
      </datafield>
      <datafield tag="880" ind1=" " ind2=" ">
         <subfield code="6">520-00/</subfield>
         <subfield code="a">本书为国家文物局主持编辑的图录, 配合中国国家博物馆"丝绸之路"展览出版, 共同为在北京召开的APEC会议服务. 本书收录了中国古代丝绸之路上发现的各类文物约350件, 系统展示了古代丝绸之路中外贸易的生动画卷, 为研究中国古代中外交流史提供了重要资料.</subfield>
      </datafield>
      <datafield tag="880" ind1="1" ind2=" ">
         <subfield code="6">710-04/</subfield>
         <subfield code="a">China.</subfield>
         <subfield code="b">文物局,</subfield>
         <subfield code="e">editor.</subfield>
      </datafield>
      <datafield tag="880" ind1="1" ind2=" ">
         <subfield code="6">710-05/</subfield>
         <subfield code="a">China.</subfield>
         <subfield code="b">国家博物馆,</subfield>
         <subfield code="e">host institution.</subfield>
      </datafield>
      <datafield tag="994" ind1=" " ind2=" ">
         <subfield code="a">Z0</subfield>
         <subfield code="b">ZYU</subfield>
      </datafield>
      <datafield tag="OWN" ind1=" " ind2=" ">
         <subfield code="a">GENERAL</subfield>
      </datafield>
      <datafield tag="AVA" ind1=" " ind2=" ">
         <subfield code="a">NYU50</subfield>
         <subfield code="b">NISAW</subfield>
         <subfield code="c">Large Collection</subfield>
         <subfield code="d">DS328 .S523 2014 Non-circulating</subfield>
         <subfield code="e">available</subfield>
         <subfield code="t">Available</subfield>
         <subfield code="f">1</subfield>
         <subfield code="g">0</subfield>
         <subfield code="h">N</subfield>
         <subfield code="i">0</subfield>
         <subfield code="j">LARGE</subfield>
         <subfield code="k">0</subfield>
      </datafield>
      <marc:datafield tag="852" ind1=" " ind2=" ">
         <marc:subfield code="b">Institute for the Study of the Ancient World, </marc:subfield>
         <marc:subfield code="c">Large Collection</marc:subfield>
         <marc:subfield code="e">15 East 84th St., </marc:subfield>
         <marc:subfield code="e">New York, NY  10028</marc:subfield>
      </marc:datafield>
   </record>