

	
	  <record xsi:schemaLocation="http://www.loc.gov/MARC21/slim http://www.loc.gov/standards/marcxml/schema/MARC21slim.xsd">
      <leader>00000cam a2200493 a 4500</leader>
      <controlfield tag="FMT">BK</controlfield>
      <controlfield tag="LDR">00000cam a2200493 a 4500</controlfield>
      <controlfield tag="001">004283216</controlfield>
      <controlfield tag="003">OCoLC</controlfield>
      <controlfield tag="005">20160512121801.0</controlfield>
      <controlfield tag="008">160512s2009    gw abe   bc   000 0 ger d</controlfield>
      <datafield tag="010" ind1=" " ind2=" ">
         <subfield code="a">2010395033</subfield>
      </datafield>
      <datafield tag="016" ind1="7" ind2=" ">
         <subfield code="a">015478197</subfield>
         <subfield code="2">Uk</subfield>
      </datafield>
      <datafield tag="020" ind1=" " ind2=" ">
         <subfield code="a">9783806223330</subfield>
         <subfield code="q">(v. 1 ;</subfield>
         <subfield code="q">cl.)</subfield>
      </datafield>
      <datafield tag="020" ind1=" " ind2=" ">
         <subfield code="a">3806223335</subfield>
         <subfield code="q">(v. 1 ;</subfield>
         <subfield code="q">cl.)</subfield>
      </datafield>
      <datafield tag="035" ind1=" " ind2=" ">
         <subfield code="a">(OCoLC)607621520</subfield>
         <subfield code="z">(OCoLC)751922031</subfield>
      </datafield>
      <datafield tag="040" ind1=" " ind2=" ">
         <subfield code="a">COO</subfield>
         <subfield code="b">eng</subfield>
         <subfield code="c">COO</subfield>
         <subfield code="d">EMU</subfield>
         <subfield code="d">OCLCA</subfield>
         <subfield code="d">OCLCQ</subfield>
         <subfield code="d">OCLCO</subfield>
         <subfield code="d">DLC</subfield>
         <subfield code="d">UKMGB</subfield>
         <subfield code="d">NNU</subfield>
      </datafield>
      <datafield tag="043" ind1=" " ind2=" ">
         <subfield code="a">e-gx---</subfield>
      </datafield>
      <datafield tag="050" ind1="1" ind2="4">
         <subfield code="a">DD901.H56</subfield>
         <subfield code="b">H465 2009</subfield>
      </datafield>
      <datafield tag="100" ind1="1" ind2=" ">
         <subfield code="a">Hensen, Andreas.</subfield>
      </datafield>
      <datafield tag="245" ind1="1" ind2="4">
         <subfield code="a">Das römische Brand- und Körpergräberfeld von Heidelberg I /</subfield>
         <subfield code="c">Andreas Hensen ; mit Beiträgen von Susanne Biegert ... [and 12 others].</subfield>
      </datafield>
      <datafield tag="246" ind1="1" ind2="8">
         <subfield code="a">Heidelberg I</subfield>
      </datafield>
      <datafield tag="246" ind1="3" ind2=" ">
         <subfield code="a">Heidelberg 1</subfield>
      </datafield>
      <datafield tag="246" ind1="3" ind2=" ">
         <subfield code="a">Heidelberg eins</subfield>
      </datafield>
      <datafield tag="260" ind1=" " ind2=" ">
         <subfield code="a">Stuttgart :</subfield>
         <subfield code="b">Kornard Theiss Verlag,</subfield>
         <subfield code="c">2009.</subfield>
      </datafield>
      <datafield tag="300" ind1=" " ind2=" ">
         <subfield code="a">2 volumes :</subfield>
         <subfield code="b">illustrations (some color), maps (some color), color plans ;</subfield>
         <subfield code="c">31 cm.</subfield>
      </datafield>
      <datafield tag="336" ind1=" " ind2=" ">
         <subfield code="a">text</subfield>
         <subfield code="b">txt</subfield>
         <subfield code="2">rdacontent</subfield>
      </datafield>
      <datafield tag="336" ind1=" " ind2=" ">
         <subfield code="a">still image</subfield>
         <subfield code="b">sti</subfield>
         <subfield code="2">rdacontent</subfield>
      </datafield>
      <datafield tag="337" ind1=" " ind2=" ">
         <subfield code="a">unmediated</subfield>
         <subfield code="b">n</subfield>
         <subfield code="2">rdamedia</subfield>
      </datafield>
      <datafield tag="338" ind1=" " ind2=" ">
         <subfield code="a">volume</subfield>
         <subfield code="b">nc</subfield>
         <subfield code="2">rdacarrier</subfield>
      </datafield>
      <datafield tag="490" ind1="1" ind2=" ">
         <subfield code="a">Forschungen und Berichte zur Vor- und Frühgeschichte in Baden-Württemberg ;</subfield>
         <subfield code="v">Band 108/1-2</subfield>
      </datafield>
      <datafield tag="500" ind1=" " ind2=" ">
         <subfield code="a">At head of title: Landesamt für Denkmalpflege im Regierungspräsidium Stuttgart.</subfield>
      </datafield>
      <datafield tag="500" ind1=" " ind2=" ">
         <subfield code="a">V. 1 has one folded leaf in pocket.</subfield>
      </datafield>
      <datafield tag="504" ind1=" " ind2=" ">
         <subfield code="a">Includes bibliographical references (pages 677-682).</subfield>
      </datafield>
      <datafield tag="505" ind1="0" ind2="0">
         <subfield code="g">[Bd.] 1.</subfield>
         <subfield code="t">Katalog und Untersuchungen.</subfield>
         <subfield code="t">Zur Einführung /</subfield>
         <subfield code="r">Renate Ludwig --</subfield>
         <subfield code="t">Zur Entedeckung römischer Gräber in der umgebung des heidelberger Kastellvicus /</subfield>
         <subfield code="r">Andreas Hensen --</subfield>
         <subfield code="t">Die Ausgrabung des Gräberfeldes von Heidelberg-Neuenheim /</subfield>
         <subfield code="r">Andreas Hensen --</subfield>
         <subfield code="t">Zeilsetzung und Verlauf der wissenschaftlichen Bearbeitung /</subfield>
         <subfield code="r">Andreas Hensen --</subfield>
         <subfield code="t">Zur Datierung der Gräber /</subfield>
         <subfield code="r">Andreas Hensen --</subfield>
         <subfield code="t">Die Heidelberger Nekropole und die Gräber im Stadtgebiet von Neuenheim und handschuhsheim /</subfield>
         <subfield code="r">Andreas Hensen --</subfield>
         <subfield code="t">Römische Steininschriften /</subfield>
         <subfield code="r">Rainer Wiegels --</subfield>
         <subfield code="t">Geochemische Analysen römischer Keramik aus Heidelberg /</subfield>
         <subfield code="r">Susanne Biegert, Markus Helfert und Gerwulf Schneider --</subfield>
         <subfield code="t">Chemische Analysen an Öllampen /</subfield>
         <subfield code="r">Gerwulf Schneider und Andreas Hensen --</subfield>
         <subfield code="t">ICP-OES/MS-Analysen römischer Glasgefässe /</subfield>
         <subfield code="r">Constanze Höpken und Boaz Paz --</subfield>
         <subfield code="t">Botanische Untersuchungen /</subfield>
         <subfield code="r">Tanja Märkle --</subfield>
         <subfield code="t">Bericht zur Untersuchung des originalen Inhalts eines gläsernen Balsamariums aus dem Brandgrab 64/25 /</subfield>
         <subfield code="r">Andreas Hensen --</subfield>
         <subfield code="t">Analysen der textilen Überreste an Metallgegenständen und von textilen Abdrücken in Lehm /</subfield>
         <subfield code="r">Sylvia Mitschke und Annette Paetz gen. Schieck --</subfield>
         <subfield code="t">Liste der Münzen /</subfield>
         <subfield code="r">Elisabeth Nuber --</subfield>
         <subfield code="t">Katalog der Befunde und Funde /</subfield>
         <subfield code="r">Andreas Hensen --</subfield>
         <subfield code="g">[Bd.] 2.</subfield>
         <subfield code="t">Tafeln.</subfield>
      </datafield>
      <datafield tag="650" ind1=" " ind2="0">
         <subfield code="a">Excavations (Archaeology)</subfield>
         <subfield code="z">Germany</subfield>
         <subfield code="z">Heidelberg.</subfield>
      </datafield>
      <datafield tag="650" ind1=" " ind2="0">
         <subfield code="a">Burial</subfield>
         <subfield code="z">Germany</subfield>
         <subfield code="z">Heidelberg</subfield>
         <subfield code="x">History</subfield>
         <subfield code="y">To 1500.</subfield>
      </datafield>
      <datafield tag="650" ind1=" " ind2="0">
         <subfield code="a">Cemeteries</subfield>
         <subfield code="z">Germany</subfield>
         <subfield code="z">Heidelberg.</subfield>
      </datafield>
      <datafield tag="650" ind1=" " ind2="0">
         <subfield code="a">Grave goods</subfield>
         <subfield code="z">Germany</subfield>
         <subfield code="z">Heidelberg.</subfield>
      </datafield>
      <datafield tag="651" ind1=" " ind2="0">
         <subfield code="a">Heidelberg (Germany)</subfield>
         <subfield code="x">Antiquities, Roman.</subfield>
      </datafield>
      <datafield tag="710" ind1="1" ind2=" ">
         <subfield code="a">Stuttgart (Germany : Regierungsbezirk).</subfield>
         <subfield code="b">Landesamt für Denkmalpflege.</subfield>
      </datafield>
      <datafield tag="830" ind1=" " ind2="0">
         <subfield code="a">Forschungen und Berichte zur Vor- und Frühgeschichte in Baden-Württemberg ;</subfield>
         <subfield code="v">Bd. 108/1-2.</subfield>
      </datafield>
      <datafield tag="994" ind1=" " ind2=" ">
         <subfield code="a">Z0</subfield>
         <subfield code="b">ZYU</subfield>
      </datafield>
      <datafield tag="OWN" ind1=" " ind2=" ">
         <subfield code="a">GENERAL</subfield>
      </datafield>
      <datafield tag="AVA" ind1=" " ind2=" ">
         <subfield code="a">NYU50</subfield>
         <subfield code="b">NISAW</subfield>
         <subfield code="c">Large Collection</subfield>
         <subfield code="d">DD901.H56 H465 2009</subfield>
         <subfield code="e">available</subfield>
         <subfield code="t">Available</subfield>
         <subfield code="f">2</subfield>
         <subfield code="g">0</subfield>
         <subfield code="h">Y</subfield>
         <subfield code="i">0</subfield>
         <subfield code="j">LARGE</subfield>
         <subfield code="k">0</subfield>
      </datafield>
      <marc:datafield tag="852" ind1=" " ind2=" ">
         <marc:subfield code="b">Institute for the Study of the Ancient World, </marc:subfield>
         <marc:subfield code="c">Large Collection</marc:subfield>
         <marc:subfield code="e">15 East 84th St., </marc:subfield>
         <marc:subfield code="e">New York, NY  10028</marc:subfield>
      </marc:datafield>
   </record>