

	
	  <record xsi:schemaLocation="http://www.loc.gov/MARC21/slim http://www.loc.gov/standards/marcxml/schema/MARC21slim.xsd">
      <leader>00000cam a2200685 a 4500</leader>
      <controlfield tag="FMT">BK</controlfield>
      <controlfield tag="LDR">00000cam a2200685 a 4500</controlfield>
      <controlfield tag="001">004304421</controlfield>
      <controlfield tag="003">OCoLC</controlfield>
      <controlfield tag="005">20160516162317.0</controlfield>
      <controlfield tag="008">160516s1994    gw a     b    100 0 ger d</controlfield>
      <datafield tag="010" ind1=" " ind2=" ">
         <subfield code="a">95128775</subfield>
      </datafield>
      <datafield tag="020" ind1=" " ind2=" ">
         <subfield code="a">3806210764</subfield>
      </datafield>
      <datafield tag="020" ind1=" " ind2=" ">
         <subfield code="a">9783806210767</subfield>
      </datafield>
      <datafield tag="020" ind1=" " ind2=" ">
         <subfield code="z">3806710764</subfield>
      </datafield>
      <datafield tag="035" ind1=" " ind2=" ">
         <subfield code="a">(OCoLC)32323333</subfield>
         <subfield code="z">(OCoLC)150851067</subfield>
      </datafield>
      <datafield tag="040" ind1=" " ind2=" ">
         <subfield code="a">MdBWA</subfield>
         <subfield code="b">eng</subfield>
         <subfield code="c">WL2</subfield>
         <subfield code="d">DLC</subfield>
         <subfield code="d">OCLCQ</subfield>
         <subfield code="d">NLGGC</subfield>
         <subfield code="d">ZWZ</subfield>
         <subfield code="d">GBVCP</subfield>
         <subfield code="d">OCLCF</subfield>
         <subfield code="d">OCLCO</subfield>
         <subfield code="d">OCLCQ</subfield>
         <subfield code="d">OCL</subfield>
         <subfield code="d">NNU</subfield>
      </datafield>
      <datafield tag="041" ind1="0" ind2=" ">
         <subfield code="a">ger</subfield>
         <subfield code="a">eng</subfield>
         <subfield code="a">fre</subfield>
         <subfield code="a">ita</subfield>
      </datafield>
      <datafield tag="042" ind1=" " ind2=" ">
         <subfield code="a">lccopycat</subfield>
      </datafield>
      <datafield tag="050" ind1="0" ind2="0">
         <subfield code="a">NK7907</subfield>
         <subfield code="b">.I57 1988</subfield>
      </datafield>
      <datafield tag="084" ind1=" " ind2=" ">
         <subfield code="a">21.91</subfield>
         <subfield code="2">bcl</subfield>
      </datafield>
      <datafield tag="084" ind1=" " ind2=" ">
         <subfield code="a">20.62</subfield>
         <subfield code="2">bcl</subfield>
      </datafield>
      <datafield tag="084" ind1=" " ind2=" ">
         <subfield code="a">LE 1800</subfield>
         <subfield code="2">rvk</subfield>
      </datafield>
      <datafield tag="084" ind1=" " ind2=" ">
         <subfield code="a">LG 5100</subfield>
         <subfield code="2">rvk</subfield>
      </datafield>
      <datafield tag="111" ind1="2" ind2=" ">
         <subfield code="a">Colloque international sur les bronzes antiques</subfield>
         <subfield code="n">(10th :</subfield>
         <subfield code="d">1988 :</subfield>
         <subfield code="c">Freiburg im Breisgau, Germany)</subfield>
      </datafield>
      <datafield tag="245" ind1="1" ind2="0">
         <subfield code="a">Akten der 10. Internationalen Tagung über antike Bronzen :</subfield>
         <subfield code="b">Freiburg, 18.-22. Juli 1988 /</subfield>
         <subfield code="c">[Redaktion und Herstellung, Jutta Ronke].</subfield>
      </datafield>
      <datafield tag="260" ind1=" " ind2=" ">
         <subfield code="a">Stuttgart :</subfield>
         <subfield code="b">Kommissionsverlag K. Theiss,</subfield>
         <subfield code="c">1994.</subfield>
      </datafield>
      <datafield tag="300" ind1=" " ind2=" ">
         <subfield code="a">446 pages :</subfield>
         <subfield code="b">illustrations ;</subfield>
         <subfield code="c">31 cm.</subfield>
      </datafield>
      <datafield tag="336" ind1=" " ind2=" ">
         <subfield code="a">text</subfield>
         <subfield code="b">txt</subfield>
         <subfield code="2">rdacontent</subfield>
      </datafield>
      <datafield tag="337" ind1=" " ind2=" ">
         <subfield code="a">unmediated</subfield>
         <subfield code="b">n</subfield>
         <subfield code="2">rdamedia</subfield>
      </datafield>
      <datafield tag="338" ind1=" " ind2=" ">
         <subfield code="a">volume</subfield>
         <subfield code="b">nc</subfield>
         <subfield code="2">rdacarrier</subfield>
      </datafield>
      <datafield tag="490" ind1="1" ind2=" ">
         <subfield code="a">Forschungen und Berichte zur Vor- und Frühgeschichte in Baden-Württemberg,</subfield>
         <subfield code="x">0724-4347 ;</subfield>
         <subfield code="v">Bd. 45</subfield>
      </datafield>
      <datafield tag="546" ind1=" " ind2=" ">
         <subfield code="a">German, English, French, and Italian.</subfield>
      </datafield>
      <datafield tag="500" ind1=" " ind2=" ">
         <subfield code="a">At head of title: Landesdenkmalamt Baden-Württemberg.</subfield>
      </datafield>
      <datafield tag="504" ind1=" " ind2=" ">
         <subfield code="a">Includes bibliographical references.</subfield>
      </datafield>
      <datafield tag="505" ind1="0" ind2="0">
         <subfield code="t">Dank und Grussadresse /</subfield>
         <subfield code="r">François Braemer --</subfield>
         <subfield code="t">Grotesque et schématisme dans la toreutique de la Dacie Romaine /</subfield>
         <subfield code="r">Dorin Alicu --</subfield>
         <subfield code="t">La venere di Xanten, un'indagine tecnica /</subfield>
         <subfield code="r">G. Athaus, E. Formigli, v. Zelewski --</subfield>
         <subfield code="t">Statuettes en bronze de la collection Severanu (Bukarest) /</subfield>
         <subfield code="r">Closca L. Baluta --</subfield>
         <subfield code="t">Venus pudica und Jupiterstatuetten aus Gorsium /</subfield>
         <subfield code="r">Zsusanna Bánki --</subfield>
         <subfield code="t">Einige Bemerkungen über den Torso di Livorno /</subfield>
         <subfield code="r">Cees D. van den Bergh --</subfield>
         <subfield code="t">Un manico decorato da Fornovo S. Giovanni (Bergamo) et l'officina dei Trebellii /</subfield>
         <subfield code="r">Margherita Bolla --</subfield>
         <subfield code="t">Analytisch-technische Untersuchungen der grossen Bronzestatuette des Attis im Rheinischen Landesmuseum Trier /</subfield>
         <subfield code="r">Hermann Born --</subfield>
         <subfield code="t">La cachette de bronzes du Vieil-Evreux /</subfield>
         <subfield code="r">Stephanie Boucher --</subfield>
         <subfield code="t">Le balteus et ses problèmes /</subfield>
         <subfield code="r">François Braemer --</subfield>
         <subfield code="t">Contributions au problème des casques militaires à masque de bronze découverts dans la région du Bas-Danube /</subfield>
         <subfield code="r">Mihai Bucovala --</subfield>
         <subfield code="t">Les lanternes en bronze de la Thrace Romaine /</subfield>
         <subfield code="r">Hristo Bujukliev --</subfield>
         <subfield code="t">Zum Einfluss des provinzialrömischen Kunstgewerbes auf die lothringische Kunst des Nikolaus von Verdun /</subfield>
         <subfield code="r">Helmut Buschhausen --</subfield>
         <subfield code="t">Recipienti in bronzo d'età Romana provenienti da Milano /</subfield>
         <subfield code="r">Maria Castoldi --</subfield>
         <subfield code="t">Mercurius. Représentations en bronze de Davie /</subfield>
         <subfield code="r">Sorin Cocis --</subfield>
         <subfield code="t">Harpocrates on a bronze handle from the valetudinarium at Novae /</subfield>
         <subfield code="r">Piotr Dyczek --</subfield>
         <subfield code="t">Trésors de Pannonie du 2e siècle /</subfield>
         <subfield code="r">A.R. Fascády --</subfield>
         <subfield code="t">Modefrisuren als Grundlage zur Datierung römischer Büstengewichte /</subfield>
         <subfield code="r">Norbert Franken --</subfield>
         <subfield code="t">A new Mars from the Netherlands /</subfield>
         <subfield code="r">Marianne Galestin --</subfield>
         <subfield code="t">Lituus or baculus or ... ? /</subfield>
         <subfield code="r">Dorottya Gáspár --</subfield>
         <subfield code="t">Eine Gruppe von niedermoesischen Statuetten. Beweismaterial für die Existenz eines unbekannten Ateliers : ein stilistisch-ikonographischer Verleich /</subfield>
         <subfield code="r">Petko Georgiev --</subfield>
      </datafield>
      <datafield tag="505" ind1="8" ind2="0">
         <subfield code="t">Der Bronzekrug aus Eich, Alzey-Worms /</subfield>
         <subfield code="r">Joachim Gorecki --</subfield>
         <subfield code="t">Eine ungewöhnliche Merkurdarstellung aus Carnuntum /</subfield>
         <subfield code="r">Kurt Gschwantler --</subfield>
         <subfield code="t">Rheinische Bronzefunde im Antikenkabinett des Kurfürsten Friedrich Wilhelm von Brandenburg /</subfield>
         <subfield code="r">Gerald Heres --</subfield>
         <subfield code="t">Ein römischer Bronzegriff mit Tierdarstellungen aus Lopodunum - Ladenburg am Neckar /</subfield>
         <subfield code="r">Bernd Heukemes --</subfield>
         <subfield code="t">Zum Xantener Bronzeknaben /</subfield>
         <subfield code="r">Hilde Hiller --</subfield>
         <subfield code="t">Die Bronzegefässe aus dem Legionslager von Vindonissa und Baden Aquae Helveticae. Ein Vergleich zwischen militärischen und zivilen Siedlungen /</subfield>
         <subfield code="r">Christian Holliger --</subfield>
         <subfield code="t">Antique zoomorphic Bronze Statuettes from teh collection of the Archaeological Museum to the Bulgarian Academy of Sciences /</subfield>
         <subfield code="r">Pavlina Ilieva --</subfield>
         <subfield code="t">Eine Venusstatette aus Potaissa (Dakien) und ihre orientalischen Beziehungen /</subfield>
         <subfield code="r">Zoltan Kádár --</subfield>
         <subfield code="t">Bronzene Amphoren aus dem Territorium Augusta Trajana /</subfield>
         <subfield code="r">Kassimir Kalcev --</subfield>
         <subfield code="t">Bronzene chirurgische Instrumente im Museum N. Zagora /</subfield>
         <subfield code="r">Tatjana Kancewa --</subfield>
         <subfield code="t">Zwei römisch-kaiserzeitliche Bronzen im Besitz der Friedrich-Schiller-Universität Jena /</subfield>
         <subfield code="r">Ernst Kluwe --</subfield>
         <subfield code="t">Zwei römisch Gräber mit Bronzegefässen au Ulpia Noviomagnus (Nijmegen, Niederlande) /</subfield>
         <subfield code="r">Annelies Koster --</subfield>
         <subfield code="t">Zwei neue Kleinbronzen der Göttin Minerva aus dem römischen Vicus Dalheim (Luxemburg) /</subfield>
         <subfield code="r">Jean Krier --</subfield>
         <subfield code="t">Der Gordian von Niederbieber in Bonn /</subfield>
         <subfield code="r">Götz Lahusen --</subfield>
         <subfield code="t">Beschläge eines Kästchens mit Schiebedeckel aus Sontheim/Brenz /</subfield>
         <subfield code="r">Renate Ludwig --</subfield>
         <subfield code="t">Typen römischer Bronzestatetten aus Dakien /</subfield>
         <subfield code="r">Lucia Marinescu --</subfield>
         <subfield code="t">An inlaid fulcrum from Roman Corinth /</subfield>
         <subfield code="r">Carol Mattusch --</subfield>
         <subfield code="t">Ein römerzeitlicher Verwahrfund aus Wels, OÖ /</subfield>
         <subfield code="r">Renate Miglbauer --</subfield>
         <subfield code="t">Furniture attachments shaped like human feet /</subfield>
         <subfield code="r">Stephan Mols --</subfield>
         <subfield code="t">Kes bronzes de Ratiaria (Mésie Supérieure) /</subfield>
         <subfield code="r">Varbinka Nadjanova --</subfield>
      </datafield>
      <datafield tag="505" ind1="8" ind2="0">
         <subfield code="t">Bronze Cast Plates with Flat Handles from the Roman Province Thrace /</subfield>
         <subfield code="r">Rossitsa Nenova-Merdjanova --</subfield>
         <subfield code="t">Typologie de Mercure en Gaule /</subfield>
         <subfield code="r">H. Oggiano-Bitar --</subfield>
         <subfield code="t">Bronzefunde aus den römischen Hügelgräbern /</subfield>
         <subfield code="r">Silvia Palagyi --</subfield>
         <subfield code="t">Eine Gewichtsbüste der Athena/Minerva aus Lokris /</subfield>
         <subfield code="r">Pantos A. Pantos --</subfield>
         <subfield code="t">Una venere di bronzo scoperta ad Ulpia Traiana Szarmizegetusa /</subfield>
         <subfield code="r">Constantin-Adrian Pop --</subfield>
         <subfield code="t">Pesas de balanza Romanas de la peninsula Iberica y las islas Baleares /</subfield>
         <subfield code="r">F. Salvador Pozo --</subfield>
         <subfield code="t">Bronze Vessels of the late La-Tène Period from Sarmatia /</subfield>
         <subfield code="r">Boris Raev --</subfield>
         <subfield code="t">Material und Herstellungstechnik der Statetten des römischen Schatzfundes von Straubing /</subfield>
         <subfield code="r">Josef Riederer --</subfield>
         <subfield code="t">Bronze Statuettes found in Denmark /</subfield>
         <subfield code="r">Helle Salskov Roberts --</subfield>
         <subfield code="t">La deesse sur le bateau des sources de la Seine /</subfield>
         <subfield code="r">Claude Rolley --</subfield>
         <subfield code="t">Römische Bronzeappliken und ihre Funktion : zu Aspekten magistratischer Repräsentation im Kleinformat /</subfield>
         <subfield code="r">Jutta Ronke --</subfield>
         <subfield code="t">Appliques de bronzes antiques de chars provenant de pautalia (Sur les problemes de la reconstitution) /</subfield>
         <subfield code="r">Ludmila Rousséva-Slokoska --</subfield>
         <subfield code="t">Eine Medusa-Applike aus Sontheim/ Kr. Heidenheim /</subfield>
         <subfield code="r">Gabriele Seitz --</subfield>
         <subfield code="t">Pots à embouchure lourde coulée d'une pièce avec l'anse /</subfield>
         <subfield code="r">Klara Szabó --</subfield>
         <subfield code="t">Eine Pferdegeschirr-Gattung mit Lunulaverzierung aus Aquincum /</subfield>
         <subfield code="r">Kristina Szirmai --</subfield>
         <subfield code="t">Neues zu zwei provinzialrömischen Bronzeobjekten des Pyrmonter brunnenfundes. Ein Arbeitsbericht /</subfield>
         <subfield code="r">Wolf-Rüdinger Teegen --</subfield>
         <subfield code="t">Italic and Provincial-roman mirrors in Eastern Europe /</subfield>
         <subfield code="r">Michael Treister --</subfield>
         <subfield code="t">Bronzestatuetten aus dem Heiligtum bei Lozen /</subfield>
         <subfield code="r">Vassil P. Vassilev --</subfield>
         <subfield code="t">Römische und byzantinische Schnellwaagen aus der Türkei /</subfield>
         <subfield code="r">Zsolt Visy --</subfield>
         <subfield code="t">Die römischen bronzegefässe aus Novae (Bulgarien) /</subfield>
         <subfield code="r">Jerzy Wielowiejski.</subfield>
      </datafield>
      <datafield tag="650" ind1=" " ind2="0">
         <subfield code="a">Bronzes, Ancient</subfield>
         <subfield code="v">Congresses.</subfield>
      </datafield>
      <datafield tag="650" ind1=" " ind2="4">
         <subfield code="a">Fribourg</subfield>
         <subfield code="x">Congrès</subfield>
         <subfield code="y">1988.</subfield>
      </datafield>
      <datafield tag="650" ind1=" " ind2="7">
         <subfield code="a">Bronzes, Ancient.</subfield>
         <subfield code="2">fast</subfield>
         <subfield code="0">(OCoLC)fst00839554</subfield>
      </datafield>
      <datafield tag="655" ind1=" " ind2="7">
         <subfield code="a">Conference papers and proceedings.</subfield>
         <subfield code="2">fast</subfield>
         <subfield code="0">(OCoLC)fst01423772</subfield>
      </datafield>
      <datafield tag="700" ind1="1" ind2=" ">
         <subfield code="a">Ronke, Jutta.</subfield>
      </datafield>
      <datafield tag="710" ind1="2" ind2=" ">
         <subfield code="a">Landesdenkmalamt Baden-Württemberg.</subfield>
      </datafield>
      <datafield tag="776" ind1="0" ind2="8">
         <subfield code="i">Online version:</subfield>
         <subfield code="a">Colloque international sur les bronzes antiques (10th : 1988 : Freiburg im Breisgau, Germany).</subfield>
         <subfield code="t">Akten der 10. Internationalen Tagung über antike Bronzen.</subfield>
         <subfield code="d">Stuttgart : Kommissionsverlag K. Theiss, 1994</subfield>
         <subfield code="w">(OCoLC)622798251</subfield>
      </datafield>
      <datafield tag="830" ind1=" " ind2="0">
         <subfield code="a">Forschungen und Berichte zur Vor- und Frühgeschichte in Baden-Württemberg ;</subfield>
         <subfield code="v">Bd. 45.</subfield>
         <subfield code="x">0724-4347</subfield>
      </datafield>
      <datafield tag="994" ind1=" " ind2=" ">
         <subfield code="a">Z0</subfield>
         <subfield code="b">ZYU</subfield>
      </datafield>
      <datafield tag="OWN" ind1=" " ind2=" ">
         <subfield code="a">GENERAL</subfield>
      </datafield>
      <datafield tag="AVA" ind1=" " ind2=" ">
         <subfield code="a">NYU50</subfield>
         <subfield code="b">NISAW</subfield>
         <subfield code="c">Large Collection</subfield>
         <subfield code="d">NK7907 .I57 1988</subfield>
         <subfield code="e">available</subfield>
         <subfield code="t">Available</subfield>
         <subfield code="f">1</subfield>
         <subfield code="g">0</subfield>
         <subfield code="h">N</subfield>
         <subfield code="i">0</subfield>
         <subfield code="j">LARGE</subfield>
         <subfield code="k">0</subfield>
      </datafield>
      <marc:datafield tag="852" ind1=" " ind2=" ">
         <marc:subfield code="b">Institute for the Study of the Ancient World, </marc:subfield>
         <marc:subfield code="c">Large Collection</marc:subfield>
         <marc:subfield code="e">15 East 84th St., </marc:subfield>
         <marc:subfield code="e">New York, NY  10028</marc:subfield>
      </marc:datafield>
   </record>