

	
	  <record xsi:schemaLocation="http://www.loc.gov/MARC21/slim http://www.loc.gov/standards/marcxml/schema/MARC21slim.xsd">
      <leader>00000cam a2200553 i 4500</leader>
      <controlfield tag="FMT">BK</controlfield>
      <controlfield tag="LDR">00000cam a2200553 i 4500</controlfield>
      <controlfield tag="001">004304376</controlfield>
      <controlfield tag="003">OCoLC</controlfield>
      <controlfield tag="005">20160516125606.0</controlfield>
      <controlfield tag="008">160516s2013    cc a     c    000 0 chi d</controlfield>
      <datafield tag="020" ind1=" " ind2=" ">
         <subfield code="a">9787501039012</subfield>
         <subfield code="q">(set)</subfield>
      </datafield>
      <datafield tag="020" ind1=" " ind2=" ">
         <subfield code="a">7501039011</subfield>
         <subfield code="q">(set)</subfield>
      </datafield>
      <datafield tag="035" ind1=" " ind2=" ">
         <subfield code="a">(OCoLC)891120505</subfield>
      </datafield>
      <datafield tag="040" ind1=" " ind2=" ">
         <subfield code="a">BCBTC</subfield>
         <subfield code="b">eng</subfield>
         <subfield code="e">rda</subfield>
         <subfield code="c">BCBTC</subfield>
         <subfield code="d">OCLCO</subfield>
         <subfield code="d">YUS</subfield>
         <subfield code="d">ZCU</subfield>
         <subfield code="d">OCLCO</subfield>
         <subfield code="d">OCLCA</subfield>
         <subfield code="d">NNU</subfield>
      </datafield>
      <datafield tag="043" ind1=" " ind2=" ">
         <subfield code="a">a-cc-sz</subfield>
      </datafield>
      <datafield tag="050" ind1=" " ind2="4">
         <subfield code="a">NK7983.A3</subfield>
         <subfield code="b">S55 2013</subfield>
      </datafield>
      <datafield tag="066" ind1=" " ind2=" ">
         <subfield code="c">$1</subfield>
      </datafield>
      <datafield tag="245" ind1="0" ind2="0">
         <subfield code="6">880-01</subfield>
         <subfield code="a">Chengdu Hua tong bo wu guan wen wu jing cui.</subfield>
         <subfield code="p">Qing tong qi juan =</subfield>
         <subfield code="b">Chengdu Haton Museum collections.</subfield>
         <subfield code="p">Bronze ware volume /</subfield>
         <subfield code="c">Chengdu Hua tong bo wu guan bian.</subfield>
      </datafield>
      <datafield tag="246" ind1="3" ind2="0">
         <subfield code="6">880-02</subfield>
         <subfield code="a">Qing tong qi juan</subfield>
      </datafield>
      <datafield tag="250" ind1=" " ind2=" ">
         <subfield code="6">880-03</subfield>
         <subfield code="a">Di 1 ban.</subfield>
      </datafield>
      <datafield tag="264" ind1=" " ind2="1">
         <subfield code="6">880-04</subfield>
         <subfield code="a">Beijing Shi :</subfield>
         <subfield code="b">Wen wu chu ban she,</subfield>
         <subfield code="c">2013.</subfield>
      </datafield>
      <datafield tag="300" ind1=" " ind2=" ">
         <subfield code="a">1 case (10 volumes) :</subfield>
         <subfield code="b">color illustrations ;</subfield>
         <subfield code="c">31 cm</subfield>
      </datafield>
      <datafield tag="336" ind1=" " ind2=" ">
         <subfield code="a">text</subfield>
         <subfield code="b">txt</subfield>
         <subfield code="2">rdacontent</subfield>
      </datafield>
      <datafield tag="336" ind1=" " ind2=" ">
         <subfield code="a">still image</subfield>
         <subfield code="b">sti</subfield>
         <subfield code="2">rdacontent</subfield>
      </datafield>
      <datafield tag="337" ind1=" " ind2=" ">
         <subfield code="a">unmediated</subfield>
         <subfield code="b">n</subfield>
         <subfield code="2">rdamedia</subfield>
      </datafield>
      <datafield tag="338" ind1=" " ind2=" ">
         <subfield code="a">volume</subfield>
         <subfield code="b">nc</subfield>
         <subfield code="2">rdacarrier</subfield>
      </datafield>
      <datafield tag="500" ind1=" " ind2=" ">
         <subfield code="a">Container title.</subfield>
      </datafield>
      <datafield tag="505" ind1="0" ind2="0">
         <subfield code="6">880-05</subfield>
         <subfield code="g">1.</subfield>
         <subfield code="t">Tao tie wen ding, Xizhou =</subfield>
         <subfield code="t">Ding with Ogre-mask Motif, Western Zhou Dynasty (11th c.-771 B.C.) --</subfield>
         <subfield code="g">2.</subfield>
         <subfield code="t">Bao zi ding, Chunqiu =</subfield>
         <subfield code="t">Bao zhi ding, Spring and Autumn Period (770-476 B.C.) --</subfield>
         <subfield code="g">3.</subfield>
         <subfield code="t">Cai huo gui， Xizhou =</subfield>
         <subfield code="t">Cai Huo Gui， Western Zhou Dynasty （11th c.-771 B.C.) --</subfield>
         <subfield code="g">4.</subfield>
         <subfield code="t">Si yang shou lei, Shang =</subfield>
         <subfield code="t">Lei with four ram heads on the shoulder, Shang Dynasty (16th c. - 11th c. B.C.) --</subfield>
         <subfield code="g">5.</subfield>
         <subfield code="t">Lian ban fang hu, Chunqiu =</subfield>
         <subfield code="t">Rectangular hu with lotus-petal rim, Spring and Autumn period (770-476 B.C.) --</subfield>
         <subfield code="g">6.</subfield>
         <subfield code="t">Pan chi wen ti lian hu, Zhanguo =</subfield>
         <subfield code="t">Hu with interlaced hydra design and loop handles, Warring States period (475-221 B.C.) --</subfield>
         <subfield code="g">7.</subfield>
         <subfield code="t">Shou shou er fou, Chunqiu =</subfield>
         <subfield code="t">Fou with trunk-shaped handles and whorl design, Spring and Autumn period (770 - 476 B.C.) --</subfield>
         <subfield code="g">8.</subfield>
         <subfield code="t">Hu niu chun yu, Zhanguo =</subfield>
         <subfield code="t">Chunyu with a tiger-shaped knob, Warring States period (475-221 B.C.) --</subfield>
         <subfield code="g">9.</subfield>
         <subfield code="t">Dun wa tong gu, Han =</subfield>
         <subfield code="t">Bronze drum with four frogs squatting on the rim, Han Dynasty (206 B.C. - A.D.220)</subfield>
         <subfield code="g">[10</subfield>
         <subfield code="t">Suppliment].</subfield>
      </datafield>
      <datafield tag="650" ind1=" " ind2="0">
         <subfield code="a">Bronzes, Chinese</subfield>
         <subfield code="y">To 221 B.C.</subfield>
         <subfield code="v">Catalogs.</subfield>
      </datafield>
      <datafield tag="650" ind1=" " ind2="0">
         <subfield code="6">880-08</subfield>
         <subfield code="a">Bronzes</subfield>
         <subfield code="z">China</subfield>
         <subfield code="z">Sichuan Sheng</subfield>
         <subfield code="v">Catalogs.</subfield>
      </datafield>
      <datafield tag="610" ind1="2" ind2="0">
         <subfield code="6">880-06</subfield>
         <subfield code="a">Hua tong bo wu guan (Chengdu, China)</subfield>
         <subfield code="v">Catalogs.</subfield>
      </datafield>
      <datafield tag="650" ind1=" " ind2="7">
         <subfield code="a">Bronzes, Chinese.</subfield>
         <subfield code="2">fast</subfield>
         <subfield code="0">(OCoLC)fst00839562</subfield>
      </datafield>
      <datafield tag="650" ind1=" " ind2="7">
         <subfield code="a">Bronzes.</subfield>
         <subfield code="2">fast</subfield>
         <subfield code="0">(OCoLC)fst00839541</subfield>
      </datafield>
      <datafield tag="651" ind1=" " ind2="7">
         <subfield code="a">China</subfield>
         <subfield code="z">Sichuan Sheng.</subfield>
         <subfield code="2">fast</subfield>
         <subfield code="0">(OCoLC)fst01212127</subfield>
      </datafield>
      <datafield tag="648" ind1=" " ind2="7">
         <subfield code="a">To 221 B.C.</subfield>
         <subfield code="2">fast</subfield>
      </datafield>
      <datafield tag="655" ind1=" " ind2="7">
         <subfield code="a">Catalogs.</subfield>
         <subfield code="2">fast</subfield>
         <subfield code="0">(OCoLC)fst01423692</subfield>
      </datafield>
      <datafield tag="710" ind1="2" ind2=" ">
         <subfield code="6">880-07</subfield>
         <subfield code="a">Hua tong bo wu guan (Chengdu, China),</subfield>
         <subfield code="e">editor.</subfield>
      </datafield>
      <datafield tag="880" ind1="0" ind2="0">
         <subfield code="6">245-01/</subfield>
         <subfield code="a">成都華通博物館文物精萃.</subfield>
         <subfield code="p">青铜器卷 =</subfield>
         <subfield code="b">Chengdu Haton Museum collections.</subfield>
         <subfield code="p">Bronze ware volume /</subfield>
         <subfield code="c">成都华通博物馆编.</subfield>
      </datafield>
      <datafield tag="880" ind1="3" ind2="0">
         <subfield code="6">246-02/</subfield>
         <subfield code="a">青铜器卷</subfield>
      </datafield>
      <datafield tag="880" ind1=" " ind2=" ">
         <subfield code="6">250-03/</subfield>
         <subfield code="a">第1版.</subfield>
      </datafield>
      <datafield tag="880" ind1=" " ind2="1">
         <subfield code="6">264-04/</subfield>
         <subfield code="a">北京市 :</subfield>
         <subfield code="b">文物出版社,</subfield>
         <subfield code="c">2013.</subfield>
      </datafield>
      <datafield tag="880" ind1="0" ind2="0">
         <subfield code="6">505-05/</subfield>
         <subfield code="g">1.</subfield>
         <subfield code="t">饕餮纹鼎, 西周 =</subfield>
         <subfield code="t">Ding with Ogre-mask Motif, Western Zhou Dynasty (11th c.-771 B.C.) --</subfield>
         <subfield code="g">2.</subfield>
         <subfield code="t">鲍子鼎, 春秋 =</subfield>
         <subfield code="t">Bao Zhi Ding, Spring and Autumn Period (770-476 B.C.) --</subfield>
         <subfield code="g">3.</subfield>
         <subfield code="t">采获簋, 西周 =</subfield>
         <subfield code="t">Cai Huo Gui， Western Zhou Dynasty （11th c.-771 B.C.) --</subfield>
         <subfield code="g">4.</subfield>
         <subfield code="t">四羊首罍, 商 =</subfield>
         <subfield code="t">Lei with four ram heads on the shoulder, Shang Dynasty (16th c. - 11th c. B.C.) --</subfield>
         <subfield code="g">5.</subfield>
         <subfield code="t">莲瓣方壶, 春秋 =</subfield>
         <subfield code="t">Rectangular hu with lotus-petal rim, Spring and Autumn period (770-476 B.C.) --</subfield>
         <subfield code="g">6.</subfield>
         <subfield code="t">蟠螭纹提链壶, 战国 =</subfield>
         <subfield code="t">Hu with interlaced hydra design and loop handles, Warring States period (475-221 B.C.) --</subfield>
         <subfield code="g">7.</subfield>
         <subfield code="t">兽首耳缶, 春秋 =</subfield>
         <subfield code="t">Fou with trunk-shaped handles and whorl design, Spring and Autumn period (770 - 476 B.C.) --</subfield>
         <subfield code="g">8.</subfield>
         <subfield code="t">虎纽錞于, 战国 =</subfield>
         <subfield code="t">Chunyu with a tiger-shaped knob, Warring States period (475-221 B.C.) --</subfield>
         <subfield code="g">9.</subfield>
         <subfield code="t">蹲蛙铜鼓, 汉 =</subfield>
         <subfield code="t">Bronze drum with four frogs squatting on the rim, Han Dynasty (206 B.C. - A.D.220) --</subfield>
         <subfield code="g">[10</subfield>
         <subfield code="t">Suppliment].</subfield>
      </datafield>
      <datafield tag="880" ind1=" " ind2="0">
         <subfield code="6">650-08/</subfield>
         <subfield code="a">Bronzes</subfield>
         <subfield code="z">China</subfield>
         <subfield code="z">四川省</subfield>
         <subfield code="v">Catalogs.</subfield>
      </datafield>
      <datafield tag="880" ind1="2" ind2="4">
         <subfield code="6">610-06/</subfield>
         <subfield code="a">華通博物館 (成都, China)</subfield>
         <subfield code="v">Catalogs.</subfield>
      </datafield>
      <datafield tag="880" ind1="2" ind2=" ">
         <subfield code="6">710-07/</subfield>
         <subfield code="a">華通博物館,</subfield>
         <subfield code="e">editor.</subfield>
      </datafield>
      <datafield tag="994" ind1=" " ind2=" ">
         <subfield code="a">Z0</subfield>
         <subfield code="b">ZYU</subfield>
      </datafield>
      <datafield tag="OWN" ind1=" " ind2=" ">
         <subfield code="a">GENERAL</subfield>
      </datafield>
      <datafield tag="AVA" ind1=" " ind2=" ">
         <subfield code="a">NYU50</subfield>
         <subfield code="b">NISAW</subfield>
         <subfield code="c">Large Collection</subfield>
         <subfield code="d">NK7983.A3 S55 2013</subfield>
         <subfield code="e">available</subfield>
         <subfield code="t">Available</subfield>
         <subfield code="f">1</subfield>
         <subfield code="g">0</subfield>
         <subfield code="h">N</subfield>
         <subfield code="i">0</subfield>
         <subfield code="j">LARGE</subfield>
         <subfield code="k">0</subfield>
      </datafield>
      <marc:datafield tag="852" ind1=" " ind2=" ">
         <marc:subfield code="b">Institute for the Study of the Ancient World, </marc:subfield>
         <marc:subfield code="c">Large Collection</marc:subfield>
         <marc:subfield code="e">15 East 84th St., </marc:subfield>
         <marc:subfield code="e">New York, NY  10028</marc:subfield>
      </marc:datafield>
   </record>