

	
	  <record xsi:schemaLocation="http://www.loc.gov/MARC21/slim http://www.loc.gov/standards/marcxml/schema/MARC21slim.xsd">
      <leader>00000cam a2200481 i 4500</leader>
      <controlfield tag="FMT">BK</controlfield>
      <controlfield tag="LDR">00000cam a2200481 i 4500</controlfield>
      <controlfield tag="001">004305214</controlfield>
      <controlfield tag="003">OCoLC</controlfield>
      <controlfield tag="005">20160523151909.0</controlfield>
      <controlfield tag="008">160517s2008    gw abe   b    000 0 eng d</controlfield>
      <datafield tag="016" ind1="7" ind2=" ">
         <subfield code="a">015887063</subfield>
         <subfield code="2">Uk</subfield>
      </datafield>
      <datafield tag="020" ind1=" " ind2=" ">
         <subfield code="a">9788371775918</subfield>
         <subfield code="q">(Wydawnictwo Poznańskie)</subfield>
      </datafield>
      <datafield tag="020" ind1=" " ind2=" ">
         <subfield code="a">8371775911</subfield>
         <subfield code="q">(Wydawnictwo Poznańskie)</subfield>
      </datafield>
      <datafield tag="020" ind1=" " ind2=" ">
         <subfield code="a">9783774936140</subfield>
         <subfield code="q">(Habelt)</subfield>
      </datafield>
      <datafield tag="020" ind1=" " ind2=" ">
         <subfield code="a">3774936145</subfield>
         <subfield code="q">(Habelt)</subfield>
      </datafield>
      <datafield tag="035" ind1=" " ind2=" ">
         <subfield code="a">(OCoLC)501138487</subfield>
      </datafield>
      <datafield tag="040" ind1=" " ind2=" ">
         <subfield code="a">COO</subfield>
         <subfield code="b">eng</subfield>
         <subfield code="e">rda</subfield>
         <subfield code="c">COO</subfield>
         <subfield code="d">NOC</subfield>
         <subfield code="d">UKMGB</subfield>
         <subfield code="d">OCLCA</subfield>
         <subfield code="d">OCLCF</subfield>
         <subfield code="d">OCLCO</subfield>
         <subfield code="d">OCLCQ</subfield>
         <subfield code="d">QGK</subfield>
         <subfield code="d">NNU</subfield>
      </datafield>
      <datafield tag="041" ind1="0" ind2=" ">
         <subfield code="a">eng</subfield>
         <subfield code="a">ger</subfield>
      </datafield>
      <datafield tag="043" ind1=" " ind2=" ">
         <subfield code="a">ec-----</subfield>
      </datafield>
      <datafield tag="050" ind1=" " ind2="4">
         <subfield code="a">DE61.M5</subfield>
         <subfield code="b">D44 2008</subfield>
      </datafield>
      <datafield tag="245" ind1="0" ind2="0">
         <subfield code="a">Defensive structures from Central Europe to the Aegean in the 3rd and 2nd millennia BC /</subfield>
         <subfield code="c">edited by Janusz Czebreszuk, Sławomir Kadrow, Johannes Müller.</subfield>
      </datafield>
      <datafield tag="260" ind1=" " ind2=" ">
         <subfield code="a">Poznań :</subfield>
         <subfield code="b">Wydawnictwo Poznańskie ;</subfield>
         <subfield code="a">Bonn :</subfield>
         <subfield code="b">In Kommission bei Dr. Rudolf Habelt GmbH,</subfield>
         <subfield code="c">2008.</subfield>
      </datafield>
      <datafield tag="300" ind1=" " ind2=" ">
         <subfield code="a">169 pages :</subfield>
         <subfield code="b">illustrations, maps, plans ;</subfield>
         <subfield code="c">31 cm.</subfield>
      </datafield>
      <datafield tag="336" ind1=" " ind2=" ">
         <subfield code="a">text</subfield>
         <subfield code="b">txt</subfield>
         <subfield code="2">rdacontent</subfield>
      </datafield>
      <datafield tag="337" ind1=" " ind2=" ">
         <subfield code="a">unmediated</subfield>
         <subfield code="b">n</subfield>
         <subfield code="2">rdamedia</subfield>
      </datafield>
      <datafield tag="338" ind1=" " ind2=" ">
         <subfield code="a">volume</subfield>
         <subfield code="b">nc</subfield>
         <subfield code="2">rdacarrier</subfield>
      </datafield>
      <datafield tag="490" ind1="1" ind2=" ">
         <subfield code="a">Studien zur Archäologie in Ostmitteleuropa ;</subfield>
         <subfield code="v">Bd. 5</subfield>
      </datafield>
      <datafield tag="504" ind1=" " ind2=" ">
         <subfield code="a">Includes bibliographical references (pages 169-170).</subfield>
      </datafield>
      <datafield tag="505" ind1="0" ind2="0">
         <subfield code="t">Defensive architecture in Crete in late/final Neolithic and Bronze Age /</subfield>
         <subfield code="r">Romas Alusik --</subfield>
         <subfield code="t">It is not the walls that make the city : settlement defence in the 3rd mill. B.C. eastern Balkans /</subfield>
         <subfield code="r">Mariya Ivanova --</subfield>
         <subfield code="t">Fortified Bronze Age tell settlements in the Carpathian basin : a general overview /</subfield>
         <subfield code="r">Florin Gogâltan --</subfield>
         <subfield code="t">Some remarks on the Middle Eneolithic fortified settlements in Bohemia /</subfield>
         <subfield code="r">Jan John --</subfield>
         <subfield code="t">Bronze Age hillforts in the Alps /</subfield>
         <subfield code="r">Rüdiger Krause --</subfield>
         <subfield code="t">Die Ausgrabungen auf der befestigten Siedlung Nad Hronom bei Rybník, Kr. Levice (Südwestlowakei) /</subfield>
         <subfield code="r">Jozef Bátora, Knut Rassmann --</subfield>
         <subfield code="t">Fidvár bei Vráble : eine befestigte Zentralsiedlung der Frühbronzezeit in der Slowakei /</subfield>
         <subfield code="r">Jozef Bátora [and 3 others] --</subfield>
         <subfield code="t">Typology of early Bronze defensive settlements of Central Europe /</subfield>
         <subfield code="r">Szymon Nowacki --</subfield>
         <subfield code="t">Bemerkungen zum vermutlichen Wehrobjeckt der Aunjetizer Kultur in Radłowice in Schlesien /</subfield>
         <subfield code="r">Irena Lasak, Mirosław Furmanek --</subfield>
         <subfield code="t">Pudliszki, site 5 : an old hypothesis revisited /</subfield>
         <subfield code="r">Mateusz Jaeger, Janusz Czebreszuk, Johannes Müller --</subfield>
         <subfield code="t">Bruszczewo : early Bronze defensive settlement in Wielkopolska, metallurgy, peat zone find and changes in the environment /</subfield>
         <subfield code="r">Jutta Kneisel [and 11 others].</subfield>
      </datafield>
      <datafield tag="546" ind1=" " ind2=" ">
         <subfield code="a">English and German.</subfield>
      </datafield>
      <datafield tag="650" ind1=" " ind2="0">
         <subfield code="a">Fortification, Prehistoric</subfield>
         <subfield code="z">Europe, Central.</subfield>
      </datafield>
      <datafield tag="650" ind1=" " ind2="0">
         <subfield code="a">Bronze age</subfield>
         <subfield code="z">Europe, Central</subfield>
         <subfield code="x">Antiquities.</subfield>
      </datafield>
      <datafield tag="651" ind1=" " ind2="0">
         <subfield code="a">Europe, Central</subfield>
         <subfield code="x">Antiquities.</subfield>
      </datafield>
      <datafield tag="653" ind1=" " ind2=" ">
         <subfield code="a">Fortifications</subfield>
         <subfield code="a">Europe</subfield>
         <subfield code="a">Antiquities</subfield>
      </datafield>
      <datafield tag="700" ind1="1" ind2=" ">
         <subfield code="a">Czebreszuk, Janusz,</subfield>
         <subfield code="e">editor.</subfield>
      </datafield>
      <datafield tag="700" ind1="1" ind2=" ">
         <subfield code="a">Kadrow, Sławomir,</subfield>
         <subfield code="e">editor.</subfield>
      </datafield>
      <datafield tag="700" ind1="1" ind2=" ">
         <subfield code="a">Müller, Johannes,</subfield>
         <subfield code="d">1960-</subfield>
         <subfield code="e">editor.</subfield>
      </datafield>
      <datafield tag="830" ind1=" " ind2="0">
         <subfield code="a">Studien zur Archäologie in Ostmitteleuropa ;</subfield>
         <subfield code="v">Bd. 5.</subfield>
      </datafield>
      <datafield tag="OWN" ind1=" " ind2=" ">
         <subfield code="a">GENERAL</subfield>
      </datafield>
      <datafield tag="AVA" ind1=" " ind2=" ">
         <subfield code="a">NYU50</subfield>
         <subfield code="b">NISAW</subfield>
         <subfield code="c">Large Collection</subfield>
         <subfield code="d">DE61.M5 D44 2008</subfield>
         <subfield code="e">available</subfield>
         <subfield code="t">Available</subfield>
         <subfield code="f">1</subfield>
         <subfield code="g">0</subfield>
         <subfield code="h">N</subfield>
         <subfield code="i">0</subfield>
         <subfield code="j">LARGE</subfield>
         <subfield code="k">0</subfield>
      </datafield>
      <marc:datafield tag="852" ind1=" " ind2=" ">
         <marc:subfield code="b">Institute for the Study of the Ancient World, </marc:subfield>
         <marc:subfield code="c">Large Collection</marc:subfield>
         <marc:subfield code="e">15 East 84th St., </marc:subfield>
         <marc:subfield code="e">New York, NY  10028</marc:subfield>
      </marc:datafield>
   </record>