

	
	  <record xsi:schemaLocation="http://www.loc.gov/MARC21/slim http://www.loc.gov/standards/marcxml/schema/MARC21slim.xsd">
      <leader>00000cam a22      i 4500</leader>
      <controlfield tag="FMT">BK</controlfield>
      <controlfield tag="LDR">00000cam a22      i 4500</controlfield>
      <controlfield tag="001">004310413</controlfield>
      <controlfield tag="005">20160818130950.0</controlfield>
      <controlfield tag="008">160524s2014    pl abe g b    100 0 eng d</controlfield>
      <datafield tag="020" ind1=" " ind2=" ">
         <subfield code="a">9788371009808</subfield>
      </datafield>
      <datafield tag="020" ind1=" " ind2=" ">
         <subfield code="a">8371009801</subfield>
      </datafield>
      <datafield tag="035" ind1=" " ind2=" ">
         <subfield code="a">(OCoLC)948347768</subfield>
      </datafield>
      <datafield tag="040" ind1=" " ind2=" ">
         <subfield code="a">HLS</subfield>
         <subfield code="b">eng</subfield>
         <subfield code="e">rda</subfield>
         <subfield code="c">HLS</subfield>
         <subfield code="d">OCLCO</subfield>
         <subfield code="d">ZYU</subfield>
      </datafield>
      <datafield tag="043" ind1=" " ind2=" ">
         <subfield code="a">e-un---</subfield>
      </datafield>
      <datafield tag="050" ind1=" " ind2="4">
         <subfield code="a">DK508.9.K47</subfield>
         <subfield code="b">T97 2014</subfield>
      </datafield>
      <datafield tag="245" ind1="0" ind2="0">
         <subfield code="a">Tyritake :</subfield>
         <subfield code="b">antique site at Cimmerian Bosphorus : proceedings of the international conference, Warsaw, 27-28 November 2013 /</subfield>
         <subfield code="c">academic editor Alfred Twardecki.</subfield>
      </datafield>
      <datafield tag="264" ind1=" " ind2="1">
         <subfield code="a">Warsaw :</subfield>
         <subfield code="b">The National Museum in Warsaw,</subfield>
         <subfield code="c">2014.</subfield>
      </datafield>
      <datafield tag="300" ind1=" " ind2=" ">
         <subfield code="a">222 pages :</subfield>
         <subfield code="b">illustrations (chiefly color), maps, plans ;</subfield>
         <subfield code="c">26 cm.</subfield>
      </datafield>
      <datafield tag="336" ind1=" " ind2=" ">
         <subfield code="a">text</subfield>
         <subfield code="b">txt</subfield>
         <subfield code="2">rdacontent</subfield>
      </datafield>
      <datafield tag="337" ind1=" " ind2=" ">
         <subfield code="a">unmediated</subfield>
         <subfield code="b">n</subfield>
         <subfield code="2">rdamedia</subfield>
      </datafield>
      <datafield tag="338" ind1=" " ind2=" ">
         <subfield code="a">volume</subfield>
         <subfield code="b">nc</subfield>
         <subfield code="2">rdacarrier</subfield>
      </datafield>
      <datafield tag="504" ind1=" " ind2=" ">
         <subfield code="a">Includes bibliographical references.</subfield>
      </datafield>
      <datafield tag="505" ind1="0" ind2="0">
         <subfield code="t">Polish archaeological mission "Tyritake" : a new step in Ukrainian-Polish scientific relations /</subfield>
         <subfield code="r">Glib Ivankin --</subfield>
         <subfield code="t">The ancient site of Tyritake in the Cimmerian Bosporus, Polish excavations 2008-2013 /</subfield>
         <subfield code="r">Alfred Twardecki --</subfield>
         <subfield code="t">Tyritake in Archaic times /</subfield>
         <subfield code="r">Victor N. Zin'ko --</subfield>
         <subfield code="t">The name Turitake in the toponymical system of the North Pontic area /</subfield>
         <subfield code="r">Valery P. Yailenko --</subfield>
         <subfield code="t">On a typical ceramic deposit of the 6th century BC in the northern Black Sea territory : Olbia Pontike and Tyritake /</subfield>
         <subfield code="r">Alla Buiskikh --</subfield>
         <subfield code="t">Technical and formal issues of conservation, reconstruction and protection of ancient masonry in trench XXVII on the archaeological site in Tyritake /</subfield>
         <subfield code="r">Wojciech Terlikowski, Kacper Wasilewski --</subfield>
         <subfield code="t">Research on the Tyritake necropolis /</subfield>
         <subfield code="r">Aleksey V. Zin'ko --</subfield>
         <subfield code="t">Ceramic stamps from Polish excavations at Tyritake : Preliminary presentation /</subfield>
         <subfield code="r">Marcin Matera --</subfield>
         <subfield code="t">Handmade ware from Tyritake : Results of six years of work in trench XXVII /</subfield>
         <subfield code="r">Mark Kotin --</subfield>
         <subfield code="t">The collection of Black-figured pottery from Tyritake /</subfield>
         <subfield code="r">Inga Głuszek --</subfield>
         <subfield code="t">Collection of terracotta figurines excavated in the ancient city of Tyritake (Trench XXVII, 2008-2013) /</subfield>
         <subfield code="r">Alla Kotina --</subfield>
         <subfield code="t">New data on the fortifications of Tanais from the last five years of excavations /</subfield>
         <subfield code="r">Svetlana Naumenko, Tomasz Scholl --</subfield>
         <subfield code="t">Greek colonization in the Cimmerian Bosporus : Russian-German interdisciplinary investigations in southern Russia /</subfield>
         <subfield code="r">Udo Schlotzhauer, Denis Zhuravlev.</subfield>
      </datafield>
      <datafield tag="651" ind1=" " ind2="0">
         <subfield code="a">Kerch Peninsula (Ukraine)</subfield>
         <subfield code="x">Antiquities</subfield>
         <subfield code="v">Congresses.</subfield>
      </datafield>
      <datafield tag="650" ind1=" " ind2="0">
         <subfield code="a">Excavations (Archaeology)</subfield>
         <subfield code="z">Ukraine</subfield>
         <subfield code="z">Kerch Peninsula</subfield>
         <subfield code="v">Congresses.</subfield>
      </datafield>
      <datafield tag="700" ind1="1" ind2=" ">
         <subfield code="a">Twardecki, Alfred,</subfield>
         <subfield code="e">editor.</subfield>
      </datafield>
      <datafield tag="710" ind1="2" ind2=" ">
         <subfield code="a">Muzeum Narodowe w Warszawie,</subfield>
         <subfield code="e">sponsoring body,</subfield>
         <subfield code="e">publisher.</subfield>
      </datafield>
      <datafield tag="OWN" ind1=" " ind2=" ">
         <subfield code="a">GENERAL</subfield>
      </datafield>
      <datafield tag="AVA" ind1=" " ind2=" ">
         <subfield code="a">NYU50</subfield>
         <subfield code="b">NISAW</subfield>
         <subfield code="c">Large Collection</subfield>
         <subfield code="d">DK508.9.K47 T97 2014</subfield>
         <subfield code="e">available</subfield>
         <subfield code="t">Available</subfield>
         <subfield code="f">1</subfield>
         <subfield code="g">0</subfield>
         <subfield code="h">N</subfield>
         <subfield code="i">0</subfield>
         <subfield code="j">LARGE</subfield>
         <subfield code="k">0</subfield>
      </datafield>
      <marc:datafield tag="852" ind1=" " ind2=" ">
         <marc:subfield code="b">Institute for the Study of the Ancient World, </marc:subfield>
         <marc:subfield code="c">Large Collection</marc:subfield>
         <marc:subfield code="e">15 East 84th St., </marc:subfield>
         <marc:subfield code="e">New York, NY  10028</marc:subfield>
      </marc:datafield>
   </record>