

	
	  <record xsi:schemaLocation="http://www.loc.gov/MARC21/slim http://www.loc.gov/standards/marcxml/schema/MARC21slim.xsd">
      <leader>00000cam a2200709 a 4500</leader>
      <controlfield tag="FMT">BK</controlfield>
      <controlfield tag="LDR">00000cam a2200709 a 4500</controlfield>
      <controlfield tag="001">004310428</controlfield>
      <controlfield tag="003">OCoLC</controlfield>
      <controlfield tag="005">20160603151541.0</controlfield>
      <controlfield tag="008">160524s2011    fr a     b    010 0 fre d</controlfield>
      <datafield tag="010" ind1=" " ind2=" ">
         <subfield code="a">2011435103</subfield>
      </datafield>
      <datafield tag="020" ind1=" " ind2=" ">
         <subfield code="a">9782910640293</subfield>
      </datafield>
      <datafield tag="020" ind1=" " ind2=" ">
         <subfield code="a">2910640299</subfield>
      </datafield>
      <datafield tag="035" ind1=" " ind2=" ">
         <subfield code="a">(OCoLC)741751322</subfield>
         <subfield code="z">(OCoLC)709681938</subfield>
      </datafield>
      <datafield tag="040" ind1=" " ind2=" ">
         <subfield code="a">IUL</subfield>
         <subfield code="b">eng</subfield>
         <subfield code="c">IUL</subfield>
         <subfield code="d">DLC</subfield>
         <subfield code="d">BTCTA</subfield>
         <subfield code="d">TZT</subfield>
         <subfield code="d">OHX</subfield>
         <subfield code="d">ERASA</subfield>
         <subfield code="d">YDXCP</subfield>
         <subfield code="d">HLS</subfield>
         <subfield code="d">BWX</subfield>
         <subfield code="d">MNJ</subfield>
         <subfield code="d">OCLCQ</subfield>
         <subfield code="d">OCLCF</subfield>
         <subfield code="d">NNU</subfield>
      </datafield>
      <datafield tag="041" ind1="0" ind2=" ">
         <subfield code="a">fre</subfield>
         <subfield code="a">eng</subfield>
         <subfield code="a">ger</subfield>
         <subfield code="a">ita</subfield>
      </datafield>
      <datafield tag="042" ind1=" " ind2=" ">
         <subfield code="a">lccopycat</subfield>
      </datafield>
      <datafield tag="043" ind1=" " ind2=" ">
         <subfield code="a">a-ir---</subfield>
         <subfield code="a">e-fr---</subfield>
      </datafield>
      <datafield tag="050" ind1="0" ind2="0">
         <subfield code="a">PK6208.G54</subfield>
         <subfield code="b">R23 2011</subfield>
      </datafield>
      <datafield tag="082" ind1="1" ind2="4">
         <subfield code="a">955</subfield>
         <subfield code="2">1</subfield>
      </datafield>
      <datafield tag="090" ind1=" " ind2=" ">
         <subfield code="a">PK6002.Z5</subfield>
         <subfield code="b">G54 2011</subfield>
      </datafield>
      <datafield tag="245" ind1="0" ind2="0">
         <subfield code="a">Rabā lʻalmīn =</subfield>
         <subfield code="b">"Maître pour l'éternité" : florilège offert à Philippe Gignoux pour son 80e anniversaire /</subfield>
         <subfield code="c">textes réunis par Rika Gyselen et Christelle Jullien.</subfield>
      </datafield>
      <datafield tag="246" ind1="3" ind2=" ">
         <subfield code="a">Rabbo lʻolmyn</subfield>
      </datafield>
      <datafield tag="246" ind1="3" ind2="1">
         <subfield code="a">Maître pour l'éternité</subfield>
      </datafield>
      <datafield tag="246" ind1="1" ind2="8">
         <subfield code="a">Florilège offert à Philippe Gignoux</subfield>
      </datafield>
      <datafield tag="260" ind1=" " ind2=" ">
         <subfield code="a">Paris :</subfield>
         <subfield code="b">Association pour l'Avancement des Études Iraniennes,</subfield>
         <subfield code="c">2011.</subfield>
      </datafield>
      <datafield tag="300" ind1=" " ind2=" ">
         <subfield code="a">303 pages :</subfield>
         <subfield code="b">illustrations ;</subfield>
         <subfield code="c">27 cm.</subfield>
      </datafield>
      <datafield tag="336" ind1=" " ind2=" ">
         <subfield code="a">text</subfield>
         <subfield code="b">txt</subfield>
         <subfield code="2">rdacontent</subfield>
      </datafield>
      <datafield tag="337" ind1=" " ind2=" ">
         <subfield code="a">unmediated</subfield>
         <subfield code="b">n</subfield>
         <subfield code="2">rdamedia</subfield>
      </datafield>
      <datafield tag="338" ind1=" " ind2=" ">
         <subfield code="a">volume</subfield>
         <subfield code="b">nc</subfield>
         <subfield code="2">rdacarrier</subfield>
      </datafield>
      <datafield tag="490" ind1="1" ind2=" ">
         <subfield code="a">Studia Iranica, Cahier ;</subfield>
         <subfield code="v">43</subfield>
      </datafield>
      <datafield tag="546" ind1=" " ind2=" ">
         <subfield code="a">Chiefly in French; three contributions in English, two in German and 1 in Italian.</subfield>
      </datafield>
      <datafield tag="504" ind1=" " ind2=" ">
         <subfield code="a">"Bibliographie de Philippe Gignoux": pages 9-32.</subfield>
      </datafield>
      <datafield tag="504" ind1=" " ind2=" ">
         <subfield code="a">Includes bibliographical references.</subfield>
      </datafield>
      <datafield tag="500" ind1=" " ind2=" ">
         <subfield code="a">ISAW copy is from the Library of Nina Garsӧian.</subfield>
         <subfield code="5">NNU</subfield>
      </datafield>
      <datafield tag="505" ind1="0" ind2="0">
         <subfield code="t">Un salut amical à Philippe Gignoux /</subfield>
         <subfield code="r">Gilbert Lazard --</subfield>
         <subfield code="t">Un demi siècle /</subfield>
         <subfield code="r">Gherardo Gnoli --</subfield>
         <subfield code="t">Imagery of the Sogdian dēn /</subfield>
         <subfield code="r">Guitty Azarpay --</subfield>
         <subfield code="t">The contributions of Philippe Gignoux to Syriac studies /</subfield>
         <subfield code="r">Sebastian Brock --</subfield>
         <subfield code="t">Some aspects of Philippe Gignoux's contribution to Zoroastrian studies /</subfield>
         <subfield code="r">Carlo G. Cereti --</subfield>
         <subfield code="t">Quelques nouvelles notes sur Kerdīr et "sa" vision /</subfield>
         <subfield code="r">Frantz Grenet --</subfield>
         <subfield code="t">Sceaux, monnaies et argenterie dans l'oeuvre de Philippe Gignoux /</subfield>
         <subfield code="r">Rika Gyselen --</subfield>
         <subfield code="t">L'épigraphie moyen-perse et l'histoire sassanide dans l'oeuvre de Philippe Gignoux /</subfield>
         <subfield code="r">Philip Huyse --</subfield>
         <subfield code="t">Chrétiens d'Iran : entre hagiographie et histoire /</subfield>
         <subfield code="r">Christelle Jullien --</subfield>
         <subfield code="t">La Passion syriaque de Mār ʻAbdā : quelques relations entre chrétiens et mazdéens /</subfield>
         <subfield code="r">Florence Jullien --</subfield>
         <subfield code="t">Apocalittica, escatologia e sciamanismo nell'opera iranologica di Ph. Gignoux /</subfield>
         <subfield code="r">Antonio Panaino --</subfield>
         <subfield code="t">Philippe Gignoux' Beitrag zur iranischen Anthroponomastik /</subfield>
         <subfield code="r">Rüdiger Schmitt --</subfield>
         <subfield code="t">Les métaphores du temps /</subfield>
         <subfield code="r">Michel Tardieu --</subfield>
         <subfield code="t">Philippe Gignoux' Beitrag zur Interpretation der Dokumente des "Pahlavi Archive" in Berkeley CA /</subfield>
         <subfield code="r">Dieter Weber.</subfield>
      </datafield>
      <datafield tag="600" ind1="1" ind2="0">
         <subfield code="a">Gignoux, Philippe.</subfield>
      </datafield>
      <datafield tag="600" ind1="1" ind2="0">
         <subfield code="a">Gignoux, Philippe</subfield>
         <subfield code="v">Bibliography.</subfield>
      </datafield>
      <datafield tag="650" ind1=" " ind2="0">
         <subfield code="a">Educators</subfield>
         <subfield code="z">France.</subfield>
      </datafield>
      <datafield tag="651" ind1=" " ind2="0">
         <subfield code="a">Iran</subfield>
         <subfield code="x">Civilization.</subfield>
      </datafield>
      <datafield tag="651" ind1=" " ind2="0">
         <subfield code="a">Iran</subfield>
         <subfield code="x">Religion.</subfield>
      </datafield>
      <datafield tag="700" ind1="1" ind2=" ">
         <subfield code="a">Gyselen, Rika.</subfield>
      </datafield>
      <datafield tag="700" ind1="1" ind2=" ">
         <subfield code="a">Jullien, C.</subfield>
         <subfield code="q">(Christelle)</subfield>
      </datafield>
      <datafield tag="700" ind1="1" ind2=" ">
         <subfield code="a">Gignoux, Philippe.</subfield>
      </datafield>
      <datafield tag="796" ind1="1" ind2=" ">
         <subfield code="a">Garsӧian, Nina G.,</subfield>
         <subfield code="d">1923-</subfield>
         <subfield code="e">former owner.</subfield>
      </datafield>
      <datafield tag="797" ind1="2" ind2=" ">
         <subfield code="a">Garsӧian Collection.</subfield>
      </datafield>
      <datafield tag="830" ind1=" " ind2="0">
         <subfield code="a">Studia Iranica.</subfield>
         <subfield code="p">Cahier ;</subfield>
         <subfield code="v">43.</subfield>
      </datafield>
      <datafield tag="OWN" ind1=" " ind2=" ">
         <subfield code="a">GENERAL</subfield>
      </datafield>
      <datafield tag="AVA" ind1=" " ind2=" ">
         <subfield code="a">NYU50</subfield>
         <subfield code="b">NISAW</subfield>
         <subfield code="c">Small Collection</subfield>
         <subfield code="d">PK6002.Z5 G54 2011</subfield>
         <subfield code="e">available</subfield>
         <subfield code="t">Available</subfield>
         <subfield code="f">1</subfield>
         <subfield code="g">0</subfield>
         <subfield code="h">N</subfield>
         <subfield code="i">0</subfield>
         <subfield code="j">SMALL</subfield>
         <subfield code="k">0</subfield>
      </datafield>
      <marc:datafield tag="852" ind1=" " ind2=" ">
         <marc:subfield code="b">Institute for the Study of the Ancient World, </marc:subfield>
         <marc:subfield code="c">Small Collection</marc:subfield>
         <marc:subfield code="e">15 East 84th St., </marc:subfield>
         <marc:subfield code="e">New York, NY  10028</marc:subfield>
      </marc:datafield>
   </record>