

	
	  <record xsi:schemaLocation="http://www.loc.gov/MARC21/slim http://www.loc.gov/standards/marcxml/schema/MARC21slim.xsd">
      <leader>00000cam a22      i 4500</leader>
      <controlfield tag="FMT">BK</controlfield>
      <controlfield tag="LDR">00000cam a22      i 4500</controlfield>
      <controlfield tag="001">004310689</controlfield>
      <controlfield tag="005">20160804100809.0</controlfield>
      <controlfield tag="008">160525s2015    pl abe   b    000 0 eng d</controlfield>
      <datafield tag="020" ind1=" " ind2=" ">
         <subfield code="a">8323339678</subfield>
      </datafield>
      <datafield tag="020" ind1=" " ind2=" ">
         <subfield code="a">9788323339670</subfield>
      </datafield>
      <datafield tag="035" ind1=" " ind2=" ">
         <subfield code="a">(OCoLC)947145555</subfield>
      </datafield>
      <datafield tag="040" ind1=" " ind2=" ">
         <subfield code="a">YDXCP</subfield>
         <subfield code="b">eng</subfield>
         <subfield code="e">rda</subfield>
         <subfield code="c">YDXCP</subfield>
         <subfield code="d">BTCTA</subfield>
         <subfield code="d">ZYU</subfield>
      </datafield>
      <datafield tag="041" ind1="0" ind2=" ">
         <subfield code="a">eng</subfield>
         <subfield code="a">fre</subfield>
         <subfield code="b">eng</subfield>
      </datafield>
      <datafield tag="043" ind1=" " ind2=" ">
         <subfield code="a">ac-----</subfield>
      </datafield>
      <datafield tag="050" ind1=" " ind2="4">
         <subfield code="a">DS328</subfield>
         <subfield code="b">.C458 2015</subfield>
      </datafield>
      <datafield tag="245" ind1="0" ind2="0">
         <subfield code="a">Central Asia and Iran :</subfield>
         <subfield code="b">Greeks, Parthians, Kushans and Sasanians.</subfield>
      </datafield>
      <datafield tag="250" ind1=" " ind2=" ">
         <subfield code="a">First edition.</subfield>
      </datafield>
      <datafield tag="264" ind1=" " ind2="1">
         <subfield code="a">Kraków :</subfield>
         <subfield code="b">Jagiellonian University Press,</subfield>
         <subfield code="c">2015.</subfield>
      </datafield>
      <datafield tag="300" ind1=" " ind2=" ">
         <subfield code="a">256 pages :</subfield>
         <subfield code="b">illustrations (some color), maps, plans ;</subfield>
         <subfield code="c">24 cm</subfield>
      </datafield>
      <datafield tag="336" ind1=" " ind2=" ">
         <subfield code="a">text</subfield>
         <subfield code="b">txt</subfield>
         <subfield code="2">rdacontent</subfield>
      </datafield>
      <datafield tag="337" ind1=" " ind2=" ">
         <subfield code="a">unmediated</subfield>
         <subfield code="b">n</subfield>
         <subfield code="2">rdamedia</subfield>
      </datafield>
      <datafield tag="338" ind1=" " ind2=" ">
         <subfield code="a">volume</subfield>
         <subfield code="b">nc</subfield>
         <subfield code="2">rdacarrier</subfield>
      </datafield>
      <datafield tag="490" ind1="1" ind2=" ">
         <subfield code="a">Electrum ;</subfield>
         <subfield code="v">v. 22</subfield>
      </datafield>
      <datafield tag="546" ind1=" " ind2=" ">
         <subfield code="a">Articles in English or French; abstracts in English.</subfield>
      </datafield>
      <datafield tag="504" ind1=" " ind2=" ">
         <subfield code="a">Includes bibliographical references.</subfield>
      </datafield>
      <datafield tag="505" ind1="0" ind2="0">
         <subfield code="t">Alexander the Great at Bactra : A Burning Question /</subfield>
         <subfield code="r">Frank L. Holt --</subfield>
         <subfield code="t">Ai Khanoum and Greek Domination in Central Asia /</subfield>
         <subfield code="r">Laurianne Martinez-Sève --</subfield>
         <subfield code="t">La découverte de l'Ancienne Termez, métropole de la Bactriane du Nord /</subfield>
         <subfield code="r">Pierre Leriche --</subfield>
         <subfield code="t">Homoglōttoi para mikron? /</subfield>
         <subfield code="r">Antonio Panaino --</subfield>
         <subfield code="t">King Huviška, Yima, and the Bird : Observations on a Paradisiacal State /</subfield>
         <subfield code="r">Touraj Daryaee and Soodabeh Malekzadeh --</subfield>
         <subfield code="t">Storehouses and Storage Practices in Old Nisa (Turkmenistan) /</subfield>
         <subfield code="r">Carlo Lippolis and Niccolò Manassero --</subfield>
         <subfield code="t">Lasser-scanner Survey at Kong-e Yār 'Alīvand : Research of the Iranian-Italian Joint Expedition in Kūzestān /</subfield>
         <subfield code="r">Vito Messina and Jafar Mehr Kian --</subfield>
         <subfield code="t">Crépuscule de l'Empire parthe : Les dernièes drachmes /</subfield>
         <subfield code="r">Alain Chenevier --</subfield>
         <subfield code="t">The Syriac Book of the Laws of the Countries, Eusebius' Preperation for the Gospel, and the Clementine Recognitions : Early Witnesses for Christianity in Central Asia /</subfield>
         <subfield code="r">Nathanael Andrade --</subfield>
         <subfield code="t">I Am Your Father! Dynasties and Dynastic Legitimacy on Pre-Islamic Coinage between Iran and Northwest India /</subfield>
         <subfield code="r">Omar Coloru --</subfield>
         <subfield code="t">The Deities on the Kushano-Sasanian Coins /</subfield>
         <subfield code="r">Fabrizio Sinisi --</subfield>
         <subfield code="t">Sakastan in the Fourth and Fifth Century AD : Some Historical Remarks Based on the Numismatic Evidence /</subfield>
         <subfield code="r">Nikolaus Schindel.</subfield>
         <subfield code="g">Review.</subfield>
         <subfield code="t">Paul J. Kosmin, The Land of the Elephant Kings : Space, Territory and Ideology in the Seleucid Empire /</subfield>
         <subfield code="r">Edward Dąbrowa.</subfield>
      </datafield>
      <datafield tag="650" ind1=" " ind2="0">
         <subfield code="a">Archaeological expeditions</subfield>
         <subfield code="z">Asia, Central.</subfield>
      </datafield>
      <datafield tag="651" ind1=" " ind2="0">
         <subfield code="a">Asia, Central</subfield>
         <subfield code="x">Antiquities.</subfield>
      </datafield>
      <datafield tag="651" ind1=" " ind2="0">
         <subfield code="a">Asia, Central</subfield>
         <subfield code="x">Civilization.</subfield>
      </datafield>
      <datafield tag="650" ind1=" " ind2="0">
         <subfield code="a">Coins, Ancient</subfield>
         <subfield code="z">Asia, Central.</subfield>
      </datafield>
      <datafield tag="650" ind1=" " ind2="0">
         <subfield code="a">Parthians</subfield>
         <subfield code="x">Antiquities.</subfield>
      </datafield>
      <datafield tag="650" ind1=" " ind2="0">
         <subfield code="a">Kushans</subfield>
         <subfield code="x">Antiquities.</subfield>
      </datafield>
      <datafield tag="650" ind1=" " ind2="0">
         <subfield code="a">Sassanids</subfield>
         <subfield code="x">Antiquities.</subfield>
      </datafield>
      <datafield tag="830" ind1=" " ind2="0">
         <subfield code="a">Electrum (Uniwersytet Jagielloński. Instytut Historii) ;</subfield>
         <subfield code="v">v. 22.</subfield>
      </datafield>
      <datafield tag="OWN" ind1=" " ind2=" ">
         <subfield code="a">GENERAL</subfield>
      </datafield>
      <datafield tag="AVA" ind1=" " ind2=" ">
         <subfield code="a">NYU50</subfield>
         <subfield code="b">NISAW</subfield>
         <subfield code="c">Small Collection</subfield>
         <subfield code="d">DS328 .C458 2015</subfield>
         <subfield code="e">available</subfield>
         <subfield code="t">Available</subfield>
         <subfield code="f">1</subfield>
         <subfield code="g">0</subfield>
         <subfield code="h">N</subfield>
         <subfield code="i">0</subfield>
         <subfield code="j">SMALL</subfield>
         <subfield code="k">0</subfield>
      </datafield>
      <marc:datafield tag="852" ind1=" " ind2=" ">
         <marc:subfield code="b">Institute for the Study of the Ancient World, </marc:subfield>
         <marc:subfield code="c">Small Collection</marc:subfield>
         <marc:subfield code="e">15 East 84th St., </marc:subfield>
         <marc:subfield code="e">New York, NY  10028</marc:subfield>
      </marc:datafield>
   </record>